@INPROCEEDINGS{ICEM, 
address={Marseille, France},
author={Collier, D. A. F. and Ortmann, M. S. and Heldwein, M. L.}, 
booktitle={Proc. of the XXth Int. Conf. Electrical Machines (ICEM)}, title={Current Self-Control Applied to Sensorless Permanent Magnet Synchronous Generators}, 
year={2012}, 
month={}, 
volume={}, 
number={}, 
pages={}, 
publisher={IEEE},
ISSN={},}

@INPROCEEDINGS{APEC, 
address={Long Beach, CA},
author={Collier, D. A. F. and Heldwein, M. L.}, 
booktitle={28th Annu. Applied Power Electron. Conf. and Expo. (APEC)}, title={Comparison of Modulation Strategies Driving a Three-Phase PWM Delta-Switch Rectifier in Wind Energy Conversion Systems Applications}, 
year={2013}, 
month={}, 
volume={}, 
number={}, 
pages={}, 
publisher={IEEE},
ISSN={},}

@INPROCEEDINGS{COMPEL, 
address={Santander, Spain},
author={Collier, D. A. F. and Ortmann, M. S. and Heldwein, M. L.}, 
booktitle={15th Workshop on Control and Modeling for Power Electron. (COMPEL)}, 
title={AC currents synchronization technique based on the normalized phase-locked loop for modulation of a three-phase PWM delta-switch rectifier}, 
year={2014}, 
month={}, 
pages={}, 
keywords={AC generators;PWM rectifiers;phase locked loops;power factor correction;synchronisation;wind power plants;AC current synchronization technique;current sector identification;electric generator;low displacement angle;normalized phase-locked loop strategy;power factor correction;rectifier ac current direct measurement;three-phase PWM delta-switch rectifier modulation strategy;unidirectional topology;voltage vectors;wind power generation;Bandwidth;Frequency estimation;Harmonic analysis;Phase locked loops;Power electronics;Synchronization;Vectors;Modulation;PLL;Synchronization;Three-phase PWM Rectifiers}, 
doi={10.1109/COMPEL.2014.6877131},
publisher={IEEE},}

@INPROCEEDINGS{COBEP, 
address={Fortaleza, Brazil},
author={Collier, D. A. F. and Heldwein, M. L.}, 
booktitle={Brazilian Power Electron. Conf. (COBEP) - 1st Southern Power Electron. Conf. (SPEC)}, title={Semiconductor Conduction Losses Prediction Considering the Current Ripple in a Three-Phase Two-Level Voltage Source Converter Driven by Different PWM Strategies (to be published)}, 
year={2015}, 
month={}, 
volume={}, 
number={}, 
pages={}, 
publisher={IEEE},
ISSN={},}

@INPROCEEDINGS{ESARS, 
address={Bologna, Italy},
author={Postiglione, C. S. and Collier, D. A. F. and Dupczak, B. S. and Heldwein, M. L. and Perin, A. J.}, 
booktitle={Elect. Syst. for Aircraft, Railway and Ship Propulsion (ESARS)}, 
title={Propulsion system for an all electric passenger boat employing permanent magnet synchronous motors and modern power electronics}, 
year={2012}, 
month={}, 
pages={1-6}, 
keywords={DC-DC power convertors;battery powered vehicles;boats;electric propulsion;permanent magnet motors;secondary cells;solar cells;solar powered vehicles;switching convertors;synchronous motor drives;DC-DC converter;Li;PMSM;all electric passenger boat;electric propulsion system;lithium-ion battery;motor drive application;permanent magnet synchronous motors;photovoltaic panels;power 12 kW;power electronics;public transportation;small passenger all electric vessels;steady dc-bus feeding multistate switching cells;voltage source inverter;water sport events;wave-piercing Catamaran boat;zero emission electric propulsion boat;Power MOSFET;Prototypes;Switches;All electric boat;PMSM;electric drive system;multilevel converters}, 
doi={10.1109/ESARS.2012.6387441}, 
publisher={IEEE},}

@INPROCEEDINGS{EPE, 
address={Geneva, Switzerland},
author={Soeiro, T. B. and Ortmann, M. S. and Heldwein, M. L.}, 
booktitle={17th European Conf. Power Electron. and Applicat.  (EPE)}, title={Three-Phase Unidirectional Delta-Switch Multistate Switching Cells-Based Multilevel Rectifier (to be published)}, 
year={2015}, 
month={}, 
volume={}, 
number={}, 
pages={}, 
publisher={IEEE},
ISSN={},}

@masterthesis{Diss, 
address={Florianopolis, Brazil},
author={Collier, D. A. F.}, 
pages={378},
publisher={Instituto de Eletr\^onica de Pot\^encia, Universidade Federal de Santa Catarina},
school={Instituto de Eletr\^onica de Pot\^encia, Universidade Federal de Santa Catarina},
title={Modelagem e Controle de Retificadores PWM Trif\'asicos Conectados a Geradores S\'incronos a \'Im\~as Permanentes em Sistemas de Convers\~ao de Energia E\'olica}, 
type={Mestrado em Engenharia El\'etrica},
year={2011},}

@masterthesis{Pedro-02, 
address={Florianopolis, Brazil},
author={Bezerra, P. A. M.}, 
pages={378},
publisher={Instituto de Eletr\^onica de Pot\^encia, Universidade Federal de Santa Catarina},
school={Instituto de Eletr\^onica de Pot\^encia, Universidade Federal de Santa Catarina},
title={Inversor Trif\'asico PWM Fonte de Tens\~ao com Integra{\c c}\~ao de Interruptores em Delta}, 
type={Mestrado em Engenharia El\'etrica},
year={2013},}

@INPROCEEDINGS{RBIGBT-01, 
address={Sapporo, Japan},
author={Komatsu, K. and Yatsu, M. and Miyashita, S. and Okita, S. and Nakazawa, H. and Igarashi, S. and Takahashi, Y. and Okuma, Y. and Seki, Y. and Fujihira, T.}, 
booktitle={Int. Power Electron. Conf. (IPEC)}, 
title={New IGBT modules for advanced neutral-point-clamped 3-level power converters}, 
year={2010}, 
month={}, 
pages={523-527}, 
keywords={insulated gate bipolar transistors;power convertors;power semiconductor devices;2G RB-IGBT dies;FWD;UPS;advanced neutral-point-clamped 3-level power converters;insulated gate bipolar transistors;Clamps;Diodes;Filters;Insulated gate bipolar transistors;Inverters;Power conversion;Switches;Switching converters;Switching loss;Voltage;IGBT Module;Neutral-Point-Clamped;Power Converter;Three-Level}, 
doi={10.1109/IPEC.2010.5543275},
publisher={IEEE}}

@INPROCEEDINGS{Collier-01, 
address={Natal, Brazil},
author={Collier, D. A. F. and Heldwein, M. L.}, 
booktitle={Congresso Brasileiro de Eletrônica de Potência (COBEP)}, title={Modeling and Design of a Micro Wind Energy System with a Variable-Speed Wind Turbine Connected to a Permanent Magnet Synchronous Generator and a PWM Rectifier}, 
year={2011}, 
month={}, 
volume={}, 
number={}, 
pages={}, 
publisher={IEEE},}

@ARTICLE{Kolar-01, 
author={Kolar, J. W. and Friedli, T.}, 
journal={IEEE Trans. Power Electron.}, 
title={The Essence of Three-Phase PFC Rectifier Systems - Part I}, 
year={2013}, 
month={}, 
volume={28}, 
number={1}, 
pages={176-198}, 
keywords={AC-DC power convertors;PWM rectifiers;electric current control;electromagnetic interference;power factor correction;AC-DC converter;Swiss rectifier;active pulsewidth modulation boost-type rectifiers;buck-type rectifiers;common mode electromagnetic interference noise level;controlled output voltage;differential mode;direct input current control;multiobjective optimization;passive three-phase diode rectifiers;power density;semiconductor stress;single-phase PFC rectifier systems;sinusoidal input currents;three-phase PFC rectifier systems;three-phase buck-type PFC rectifier topology;three-phase power factor correction rectifier topology;Bridge circuits;Electromagnetic interference;Harmonic analysis;Rectifiers;Semiconductor diodes;Topology;Voltage control;AC–DC converter;PFC rectifier;Swiss rectifier;boost;buck;overview;power factor correction (PFC);pulsewidth modulation (PWM) rectifier;rectifier;review;three-phase}, 
doi={10.1109/TPEL.2012.2197867},}

@ARTICLE{Kolar-02, 
author={Friedli, T. and Hartmann, M. and Kolar, J. W.}, 
journal={IEEE Trans. Power Electron.}, 
title={The Essence of Three-Phase PFC Rectifier Systems - Part II}, 
year={2014}, 
month={}, 
volume={29}, 
number={2}, 
pages={543-560}, 
keywords={PWM rectifiers;Schottky diodes;electric current control;feedback;insulated gate bipolar transistors;power factor correction;power semiconductor devices;printed circuits;silicon compounds;EMI filtering;IGBTs;JFETs;SWISS rectifier;Schottky diode;SiC;VIENNA rectifier;VR system;active six-switch boost-type PFC rectifier;current stresses;industrial application;passive components;power density;power semiconductor;semiconductor chip area;semiconductor stresses;standard printed circuit board interconnection technology;three-phase PFC rectifier system;typical dynamic feed-back control structures;Density measurement;Modulation;Power system measurements;Stress;Switches;Topology;Voltage control;Ac–dc converter;PFC;PFC rectifier;PWM rectifier;Swiss rectifier;Vienna rectifier;boost;buck;comparison;evaluation;rectifier;three-phase}, 
doi={10.1109/TPEL.2013.2258472}, }

@ARTICLE{Hartmann-01, 
author={Hartmann, M. and Ertl, H. and Kolar, J. W.}, 
journal={IEEE Trans. Power Electron.}, 
title={Current Control of Three-Phase Rectifier Systems Using Three Independent Current Controllers}, 
year={2013}, 
month={}, 
volume={28}, 
number={8}, 
pages={3988-4000}, 
keywords={electric current control;rectifying circuits;Gershgorin theorem;cross coupling elements;phase input current coupling;rotating dq-reference frame;static aß-frame;system transfer matrix;three independent current controllers;three independent phase current controllers;three-phase ?-switch rectifier circuit;three-phase rectifier systems;Current control;MOSFETs;Pulse width modulation;Switches;Vectors;Voltage control;Current control;power factor correction;three-phase ac/dc converter}, 
doi={10.1109/TPEL.2012.2231946}, }

@ARTICLE{Hartmann-02, 
author={Hartmann, M. and Miniboeck, J. and Ertl, H. and Kolar, J. W.}, 
journal={IEEE Trans. Ind. Electron.}, 
title={A Three-Phase Delta Switch Rectifier for Use in Modern Aircraft}, 
year={2012}, 
month={}, 
volume={59}, 
number={9}, 
pages={3635-3647}, 
keywords={PWM rectifiers;aircraft power systems;avionics;electric current control;electromagnetic interference;EMI measurement;PWM current controller modulation;laboratory prototype;modern aircraft;more electric aircraft program;optimal switching sequence;space vector calculus;three phase delta switch rectifier;Aircraft;Clamps;MOSFETs;Switches;Topology;Voltage control;Aerospace electronics;input current quality;pulse width modulation;three-phase rectifier}, 
doi={10.1109/TIE.2011.2158770}, }

@phdthesis{Hartmann-03, 
address={Zurich, Switzerland},
author={Hartmann, M.}	, 
pages={423},
publisher={Diss. ETH No. 19755},
school={Swiss Federal Institue of Technology},
title={Ultra-Compact and Ultra-Efficient Three-Phase PWM Rectifier Systems for More Electric Aircraft}, 
type={Doctor of Sciences},
year={2011},}

@INPROCEEDINGS{Soeiro-01, 
address={Melbourne, VIC},
author={Soeiro, T. B. and Friedli, T. and Hartmann, M. and Kolar, J. W.}, 
booktitle={37th Ann. Conf. Ind. Electron., Control and Instrumentation (IECON)}, 
title={New unidirectional hybrid delta-switch rectifier}, 
year={2011}, 
month={}, 
pages={1474-1479}, 
keywords={AC-DC power convertors;bridge circuits;commutation;power factor;power semiconductor diodes;power semiconductor switches;reactive power;rectifiers;rectifying circuits;reliability;switching convertors;voltage control;2-level unidirectional delta-switch rectifier;3-level unidirectional hybrid T-type rectifier;3-phase diode bridge boost rectifier;3-phase hybrid rectifier;VIENNA 6-switch rectifier;controlled dc-link voltage;high power factor rectifier system reliability;low power losses;reactive power;self-commuted converter;unidirectional hybrid delta-switch rectifier;Hybrid power systems;Reactive power;Rectifiers;Semiconductor diodes;Switches;Switching frequency;Voltage control}, 
doi={10.1109/IECON.2011.6119525}, 
publisher={IEEE},}

@ARTICLE{Soeiro-02, 
author={Soeiro, T. B. and Kolar, J. W.}, 
journal={IEEE Trans. Ind. Electron.}, 
title={Analysis of High-Efficiency Three-Phase Two- and Three-Level Unidirectional Hybrid Rectifiers}, 
year={2013}, 
month={}, 
volume={60}, 
number={9}, 
pages={3589-3601}, 
keywords={DC-DC power convertors;PWM rectifiers;power factor;PWM rectifier;VIENNA six-switch rectifiers;assembled unidirectional hybrid delta-switch rectifier prototype;controller structure;diode-based rectifier;high-efficiency three-phase two-level unidirectional hybrid rectifier analysis;high-power-factor operation;highly efficient three-phase high-power-factor hybrid rectifiers;hybrid paralleled rectifier units;line current harmonic content;phase loss;power sharing rating;series DC-DC boost converter;three-level T-type rectifiers;three-level unidirectional hybrid rectifier analysis;three-level unidirectional pulse width modulation rectifier;two-level delta-switch rectifier;variable chip;Clamps;Hybrid power systems;Power generation;Pulse width modulation;Reactive power;Rectifiers;Voltage control;Feedback control strategy;rectifier systems;two- and three-level converters}, 
doi={10.1109/TIE.2012.2205358}, }

@INPROCEEDINGS{Soeiro-03, 
address={Jeju, South Korea},
author={Soeiro, T. B. and Friedli, T. and Linner, J. and Ranstad, P. and Kolar, J. W.}, 
booktitle={8th Int. Conf. Power Electron. (ICEP and ECCE Asia)}, 
title={Comparison of electrostatic precipitator power supplies with low effects on the mains}, 
year={2011}, 
month={}, 
pages={2382-2389}, 
keywords={PWM rectifiers;active filters;electrostatic precipitators;harmonic distortion;hybrid power systems;power supply quality;ESP;PWM rectifier;THD;VIENNA 6-switches rectifier;active filters;current harmonic;electrostatic precipitator;hybrid systems;multipulse rectifier;power 60 kW;power density;power supplies quality;Harmonic analysis;Power quality;Pulse width modulation;Rectifiers;Topology;Voltage control;Electrostatic precipitators;LCC resonant converter;rectifier systems}, 
doi={10.1109/ICPE.2011.5944526}, 
publisher={IEEE},}

@INPROCEEDINGS{Soeiro-04, 
address={Orlando, FL},
author={Soeiro, T. and Friedli, T. and Kolar, J. W.}, 
booktitle={27th Annu. Applied Power Electron. Conf. and Expo. (APEC)}, 
title={Three-phase high power factor mains interface concepts for Electric Vehicle battery charging systems}, 
year={2012}, 
month={}, 
pages={2603-2610}, 
keywords={AC-DC power convertors;DC-DC power convertors;battery chargers;battery powered vehicles;power harmonic filters;rectifiers;APF circuit;EV charging systems;PFC capability;active third harmonic current injection circuit;back-end dc-dc converter;control structures;dimensioning equations;electric vehicle battery charging systems;front-end converter;interleaved dc-dc buck converters;modulation strategy;operating conditions;power 12 kW;rectifier topology;three-phase buck-type PFC rectifier;three-phase high power factor mains interface concepts;three-phase line-commuted rectifier;three-phase shunt connected active power filter;triangular current mode;two-stage ac-dc system;Active filters;Batteries;Converters;Harmonic analysis;Rectifiers;Switching frequency;Topology}, 
doi={10.1109/APEC.2012.6166190},
publisher={IEEE},}

@INPROCEEDINGS{Soeiro-05, 
address={Vienna, Austria},
author={Soeiro, T. B. and Heldwein, M. L.}, 
booktitle={39th Ann. Conf. Ind. Electron., Control and Instrumentation (IECON)}, 
title={High efficiency Indirect Matrix Converter topologies}, 
year={2013}, 
month={}, 
pages={4856-4861}, 
keywords={AC-AC power convertors;asynchronous machines;commutation;matrix convertors;modulation;switching convertors;wind power plants;ILMC;commutation schemes;conduction power losses;delta-switch USMC;indirect matrix converter topologies;inductance machines;inverting-link matrix converter;power 10 kW;power efficiency;space vector modulations;three-phase ac-ac indirect matrix converter;ultra-sparse matrix converters;voltage step-down operation;voltage step-up USMC;wind power generation systems;Matrix converters;Standards;Support vector machines;Switches;Vectors;Indirect matrix converters;space vector modulation}, 
doi={10.1109/IECON.2013.6699921}, 
publisher={IEEE},}

@INPROCEEDINGS{Lutz-01, 
address={Birmingham, England},
author={Liebig, S. and Engler, A. and Lutz, J.}, 
booktitle={14th European Conf. Power Electron. and Applicat. (EPE)}, 
title={Design and evaluation of state of the art rectifiers dedicated for a 46 kW E-ECS aerospace application with respect to power density and reliability}, 
year={2011}, 
month={}, 
pages={1-10}, 
keywords={aircraft power systems;power factor correction;power system reliability;rectifiers;switches;transformers;E-ECS;active power factor correction;aerospace application;autotransformer rectifier unit;derived power densities reveal;electric aircraft;electrical environmental control system;hydraulical systems;mechanical systems;passive transformer;pneumatical systems;power density;power electronics;rectifiers;reliability;Active filters;Inductors;Inverters;Mathematical model;Rectifiers;Topology;Windings;Active Front-End;Active filter;Aerospace;Harmonics;Power factor correction;Power quality;Reliability;Robustness;Silicon Carbide (SiC);Switching losses;Three-phase system;Transformer},
publisher={IEEE}}

@INPROCEEDINGS{Jappe-01,
address={Cape Town, South Africa}, 
author={Soeiro, T. B. and Jappe, T. K. and Bezerra, P. A. M. and Heldwein, M. L.}, 
booktitle={Int. Conf. Ind. Technology (ICIT)}, 
title={Bidirectional delta-switch indirect matrix converter: Topologies and modulation strategies}, 
year={2013}, 
month={}, 
pages={1880-1885}, 
keywords={AC-AC power convertors;matrix convertors;permanent magnet generators;synchronous generators;wind power plants;bidirectional CSC;bidirectional current source converter;bidirectional delta-switch IMC;bidirectional delta-switch VSC;bidirectional delta-switch indirect matrix converter;bidirectional delta-switch voltage source converter;front-end stage converter;modulation strategies;permanent magnet synchronous generator;power 10 kW;space vector modulation schemes;three-phase AC-AC IMC topologies;three-phase ac-ac indirect matrix converter topologies;voltage step-up operation;wind power system;Matrix converters;Modulation;Switches;Topology;Vectors}, 
doi={10.1109/ICIT.2013.6505964},
publisher={IEEE}}

@INPROCEEDINGS{Jappe-02, 
address={Natal, Brazil},
author={Jappe, T. K. and Mussa, S. A. and Heldwein, M. L.}, 
booktitle={Brazilian Power Electron. Conf. (COBEP)}, 
title={Analysis of indirect matrix converter topologies in voltage step-up operation mode}, 
year={2011}, 
month={}, 
pages={930-935}, 
keywords={matrix convertors;renewable energy sources;variable speed drives;indirect matrix converter topology;power density;renewable energy applications;variable speed drives;voltage step-up operation mode;Inverters;Matrix converters;Simulation;Sparse matrices;Switches;Topology;Vectors;AC-AC;Averaged Model;Matrix Converters;Voltage Step-up Mode}, 
doi={10.1109/COBEP.2011.6085332}, 
publisher={IEEE}}

@INPROCEEDINGS{Pedro-01,
address={Cape Town, South Africa}, 
author={Bezerra, P. A. M. and Ortmman, M. S. and Heldwein, M. L.}, 
booktitle={Int. Conf. Ind. Technology (ICIT)}, 
title={Modulation strategies for the two-level three-phase delta-switch voltage source inverter}, 
year={2013}, 
month={}, 
pages={594-599}, 
keywords={PWM invertors;?-VSI;carrier based PWM modulation schemes;common mode voltages;converter losses;modulation signal computation;modulation strategy;noise level attenuation;space vector modulation;switching pulse patterns;two-level three-phase delta-switch voltage source inverter;Inverters;Logic gates;Pulse width modulation;Support vector machines;Switches;Vectors}, 
doi={10.1109/ICIT.2013.6505738},
publisher={IEEE}}

@ARTICLE{Batista-01, 
author={Batista, F. A. B. and Barbi, I.}, 
journal={IEEE Trans. Power Electron.}, title={Space Vector Modulation Applied to Three-Phase Three-Switch Two-Level Unidirectional PWM Rectifier}, 
year={2007}, 
month={}, 
volume={22}, 
number={6}, 
pages={2245-2252}, 
keywords={Y-connected pulsewidth modulation rectifier;converter switching stages;duty cycle functions;power 20 kW;space vector modulation;switch commutations;switch control signals;switching losses reduction;switching sequence;three phase three switch two level unidirectional PWM rectifier;vector control structure;AC-DC power convertors;PWM rectifiers;commutation;switching convertors;}, 
doi={10.1109/TPEL.2007.909184}, 
ISSN={},}

@ARTICLE{Batista-02, 
author={Barbi, I. and Batista, F. A. B.}, 
journal={IEEE Trans. Power Electron.}, title={Space Vector Modulation for Two-Level Unidirectional PWM Rectifiers}, 
year={2010}, 
month={}, 
volume={25}, 
number={1}, 
pages={178-187}, 
keywords={converter switching;duty cycle function;power 20 kW;pulsewidth modulation rectifier;space vector modulation;switching loss;two level unidirectional PWM rectifiers;PWM rectifiers;switching convertors;}, 
doi={10.1109/TPEL.2009.2025861}, 
ISSN={},}

@ARTICLE{Bernet-01, 
author={Bernet, S.}, 
journal={IEEE Trans. Power Electron.}, title={Recent developments of high power converters for industry and traction applications}, 
year={2000}, 
month={}, 
volume={15}, 
number={6}, 
pages={1102-1117}, 
keywords={1.14 MVA;6 MVA;AC mains;DC mains;IGBT;IGCT;PWM voltage source converters;active front end;high power PWM converters;high power converters;high voltage insulated gate bipolar transistors;industry applications;integrated gate commutated thyristors;loss simulations;medium voltage drives;power semiconductors;pulse width modulation voltage source converters;three-level neutral point clamped voltage source converter;traction applications;traction converters;two level voltage source inverter;MOS-controlled thyristors;PWM power convertors;insulated gate bipolar transistors;traction;}, 
doi={10.1109/63.892825}, 
ISSN={},}

@phdthesis{Borgonovo-01, 
address={Florianopolis, Brazil},
author={Borgonovo, D.}, 
pages={274},
publisher={Instituto de Eletr\^onica de Pot\^encia, Universidade Federal de Santa Catarina},
school={Instituto de Eletr\^onica de Pot\^encia, Universidade Federal de Santa Catarina},
title={An\'alise, Modelagem e Controle de Retificadores PWM Trif\'asicos}, 
type={Doutorado em Engenharia El\'etrica},
year={2005},}

@BOOK{Buso-01,
address={USA}, 
author={Buso, S. and Mattavelli, P.}, 
title={Digital Control in Power Electronics}, 
year={2006}, 
month={}, 
volume={}, 
number={}, 
pages={151}, 
publisher={Morgan \& Claypool},
keywords={}, 
doi={}, 
ISBN={},}

@INPROCEEDINGS{Alan-01, 
address={Natal, Brazil},
author={Callegaro, A. D. and Ortmann, M. S. and Mussa, S. A. and Heldwein, M. L.}, 
booktitle={Brazilian Power Electron. Conf. (COBEP)}, title={Power Semiconductor Switching Losses Experimental Characterization System}, 
year={2011}, 
month={}, 
volume={}, 
number={}, 
pages={}, 
ISSN={},
publisher={IEEE}}

@INPROCEEDINGS{Drofenik-01, 
address={Niigata, Japan},
author={Drofenik, U. and Kolar, J. W.}, 
journal={Proc. of the Int. Power Electron. Conf. (IPEC)}, title={A General Scheme for Calculating Switching and Conduction Losses of Power Semiconductors in Numerical Circuit Simulations of Power Electronic Systems}, 
year={2005}, 
month={}, 
volume={}, 
number={}, 
pages={4-8}, 
publisher={IPEC},
ISSN={},}

@BOOK{Erickson, 
address={New York, NY},
author={Erickson, R. W. and Maksimovic, D.}, 
title={Fundamentals of Power Electronics}, 
volume={2nd Ed.}, 
year={2001}, 
pages={883}, 
publisher={Kluwer Academic/Plenum Publishers},
ISBN={},}

@BOOK{Khalil, 
address={Ipper Saddle River, NJ},
author={Khalil, H. K.}, 
title={Nonlinear Systems}, 
volume={3rd Ed.}, 
year={2002}, 
pages={750}, 
publisher={Prentice Hall},
ISBN={},}

@BOOK{Franklin-01, 
address={Piscataway, NJ},
author={Franklin, G. F. and Powell, J. D. and Workman, M.}, 
title={Digital Control of Dynamic Systems}, 
volume={3rd Ed.},
year={1998}, 
pages={850}, 
publisher={Ellis-Kagle Press},
ISBN={},}

@BOOK{Franklin-02, 
address={Stanford, CA},
author={Franklin, G. F. and Powell, J. D. and Emani-Naeini, A.}, 
title={Feedback Control of Dynamic Systems}, 
volume={3rd Ed.},
year={1994}, 
pages={778}, 
publisher={Addison-Wesley},
ISBN={},}

@BOOK{Lipo, 
address={Piscataway, NJ},
author={Holmes, D. G. and Lipo, T. A.}, 
title={Pulse Width Modulation for Power Converters (Principles and Practice)}, 
year={2003}, 
pages={744}, 
publisher={John Wiley \& Sons, Inc.},
ISBN={},}

@ARTICLE{Kazmierkowski-01, 
author={Kazmierkowski, M. P. and Malesani, L.}, 
journal={IEEE Trans. Ind. Electron.}, title={Current control techniques for three-phase voltage-source PWM converters: a survey}, 
year={1998}, 
month={}, 
volume={45}, 
number={5}, 
pages={691-703}, 
keywords={AC motor drive;bang-bang controllers;constant switching frequency;current control techniques;delta modulation controllers;fuzzy-logic-based controllers;hysteresis controllers;invertors;neural networks;on-line optimization;oscillograms;power filters;predictive controllers;proportional integral controllers;state feedback controllers;stationary controllers;switch-mode rectifiers;synchronous controllers;three-phase voltage-source PWM converters;PWM power convertors;bang-bang control;delta modulation;electric current control;fuzzy control;neurocontrollers;nonlinear control systems;predictive control;state feedback;switching circuits;two-term control;}, 
doi={10.1109/41.720325}, 
ISSN={},}

@INPROCEEDINGS{Kolar-03, 
address={Budapest, Hungary},
author={Kolar, J. W. and Ertl, H. and Zach, F. C.}, 
booktitle={6th Conf. Power Electronics and Motion Control (PEMC)}, title={Realization considerations for unidirectional three-phase PWM rectifier system with low effects on the mains}, 
year={1990}, 
month={}, 
volume={}, 
number={}, 
pages={}, 
publisher={IEEE},
ISSN={},}

@INPROCEEDINGS{Kamierkowski-02, 
address={L'Aquila, Italy},
author={Cichowlas, M. and Kamierkowski, M. P.}, 
booktitle={Int. Symp. Ind. Electron. (ISIE)}, title={Comparison of current control techniques for PWM rectifiers}, 
year={2002}, 
month={}, 
volume={4}, 
number={}, 
pages={1259-1263}, 
keywords={ artificial neural network; current control techniques; industrial applications; on-line trained ANN current controller; resonant controller; synchronous PI current controller; three phase PWM rectifiers; voltage oriented control; PWM power convertors; electric current control; neurocontrollers; rectifying circuits; two-term control;}, 
doi={10.1109/ISIE.2002.1025970}, 
ISSN={},
publisher={IEEE}}

@phdthesis{Liserre-01, 
address={Bari, Italy},
author={Liserre, M.}, 
pages={303},
publisher={},
school={Politecnico di Bari},
title={Innovative Control Techniques of Power Converters for Industrial Automation}, 
type={Doctor of Philosophy},
year={2001},}

@phdthesis{Malinowski-01, 
address={Warsaw, Poland},
author={Malinowski, M.}	, 
pages={128},
publisher={Warsaw University of Technology},
school={Warsaw University of Technology},
title={Sensorless Control Strategies for Three-Phase PWM Rectifiers}, 
type={Doctor of Philosophy},
year={2001},}

@phdthesis{Miller-01, 
address={Troy, NY},
author={Miller, S. K. T.}, 
pages={266},
publisher={Faculty of Rensselaer Polytechnic Inst.},
school={Faculty of Rensselaer Polytechnic Institute},
title={Analysis of Three-Phase Rectifiers with AC-Side Switches and Interleaved Three-Phase Voltage-Source Converters}, 
type={Ph.D. dissertation},
year={2008},}

@INPROCEEDINGS{Miller-02,
address={Dallas, TX},
author={Miller, S. K. T. and Sun, J.},
booktitle={21th Annu. Applied Power Electron. Conf. and Expo. (APEC)}, title={Comparative study of three-phase PWM rectifiers for wind energy conversion},
year={2006},
month={},
volume={},
number={},
pages={937-943},
keywords={bidirectional switch;common-mode voltage;permanent-magnet synchronous generator;power conditioning;three-phase PWM rectifier;three-phase diode bridge;voltage-sourced converter;wind energy conversion;PWM rectifiers;permanent magnet generators;power convertors;wind power;},
doi={10.1109/APEC.2006.1620651},
ISSN={},
publisher={IEEE}}

@INPROCEEDINGS{Neacsu-01, 
address={Bled, Slovenia},
author={Neacsu, D.O.}, 
booktitle={Int. Symp. Ind. Electron. (ISIE)}, title={Vectorial current control techniques for three-phase AC/DC boost converters}, 
year={1999}, 
month={}, 
volume={2}, 
number={}, 
pages={527-532}, 
keywords={PI controllers;PWM;control design;control simulation;fast current dynamics;step-down current reference;synchronous reference frame hysteresis control;three-phase AC/DC boost converters;vectorial current control techniques;AC-DC power convertors;PWM power convertors;control system analysis;control system synthesis;electric current control;rectifying circuits;two-term control;}, 
doi={10.1109/ISIE.1999.798667}, 
ISSN={},
publisher={IEEE}}

@ARTICLE{Zhou-01, 
author={Zhou, K. and Wang, D.}, 
journal={IEEE Trans. Ind. Electron.}, title={Relationship between space-vector modulation and three-phase carrier-based PWM: a comprehensive analysis [three-phase inverters]}, 
year={2002}, 
month={}, 
volume={49}, 
number={1}, 
pages={186-196}, 
keywords={closed-loop feedback converter;fundamental components;modulation signals;space vectors;space-vector modulation;switching pattern;three-phase PWM inverters;three-phase carrier-based PWM;zero-sequence component;DC-AC power convertors;PWM invertors;bridge circuits;switching circuits;}, 
doi={10.1109/41.982262}, 
ISSN={},}

@INPROCEEDINGS{Salmon-01, 
address={Denver, CO},
author={Salmon, J. C.}, 
booktitle={Conf. Rec. of the Ind. Applicat. Soc. Ann. Meeting}, title={Reliable 3-phase PWM boost rectifiers employing a series-connected dual boost converter sub-topology}, 
year={1994}, 
month={}, 
volume={}, 
number={}, 
pages={781-788}, 
keywords={3-phase PWM boost rectifiers;active 3-phase switching networks;circuit simulations;current control;current distortion levels;diodes;input RMS line current;line currents shaping;low line-current distortion;output DC voltage;per-unit current ratings;rectified mains voltage level;series-connected dual boost converter sub-topology;unity fundamental power factor;PWM power convertors;active networks;circuit analysis computing;electric current control;rectifiers;rectifying circuits;switching circuits;}, 
doi={10.1109/IAS.1994.377507}, 
ISBN={},
publisher={IEEE}}

@INPROCEEDINGS{Salmon-02,
address={Dallas, TX},
author={Salmon, J. C.},
booktitle={10th Annu. Applied Power Electron. Conf. and Expo. (APEC)}, title={Circuit topologies for PWM boost rectifiers operated from 1-phase and 3-phase AC supplies and using either single or split DC rail voltage outputs},
year={1995},
month={},
volume={1},
number={},
pages={473-479},
keywords={ 1-phase AC supply; 2-level PWM voltage waveforms; 3-level PWM voltage waveforms; 3-phase AC supply; AC inductors; DC inductors; PWM boost rectifiers; PWM waveforms; bi-directional power conversion; circuit topologies; conduction losses; efficiency; low total harmonic distortion; semiconductor voltage stresses; single DC rail voltage output; split DC rail voltage output; switch count; switches; unity fundamental power factor; PWM power convertors; harmonic distortion; inductors; network topology; power factor correction; power supplies to apparatus; power system harmonics; rectifying circuits; switching circuits;},
doi={10.1109/APEC.1995.468990},
ISSN={},
publisher={IEEE}}

@INPROCEEDINGS{Salmon-03, 
address={Halifax, Canada},
author={Salmon, J. C.}, 
booktitle={Proc. of the Canadian Conf. Elect. and Comput. Eng.}, title={Comparative evaluation of circuit topologies for 1-phase and 3-phase boost rectifiers operated with a low current distortion}, 
year={1994}, 
month={25-28}, 
volume={1}, 
number={}, 
pages={30-33}, 
keywords={ 1-phase; 2-level PWM voltage waveform; 3-level PWM voltage waveform; 3-phase; 60 Hz; AC side inductors; DC side inductors; IGBT; MOSFET; bi-directional power conversion; boost rectifiers; circuit topologies; current-controlled PWM boost rectifiers; high efficiency; inverter legs; low conduction losses; low current distortion; low current distortion operation; low semiconductor voltage stresses; low switch count; nonisolated regulated DC-rail voltage; single DC-rail; split DC-rail; unity fundamental power factor; voltage control; DC-AC power convertors; PWM power convertors; electric current control; field effect transistor switches; inductors; insulated gate bipolar transistors; invertors; network topology; power MOSFET; power factor correction; power semiconductor switches; rectifying circuits; switching circuits; voltage control;}, 
doi={10.1109/CCECE.1994.405668}, 
ISSN={},
publisher={IEEE}}

@INPROCEEDINGS{Sype-01, 
address={Aachen, Germany},
author={Van de Sype, D. M. and De Gusseme, K. and Van den Bossche, A. P. and Melkebeek, J. A.}, 
booktitle={35th Annu. Power Electron. Specialists Conf. (PESC)}, title={Small-signal Laplace-domain analysis of uniformly-sampled pulse-width modulators}, 
year={2004}, 
month={}, 
volume={6}, 
number={}, 
pages={4292-4298}, 
keywords={ control loop bandwidth; digital control algorithm; digital signal processor; power switching converter; small-signal Laplace-domain analysis; uniformly-sampled pulse-width modulator; Laplace transforms; PWM power convertors; control engineering computing; digital control; digital signal processing chips; frequency-domain analysis; modulators; power engineering computing; switching convertors;}, 
doi={10.1109/PESC.2004.1354760}, 
ISSN={},
publisher={IEEE}}

@INPROCEEDINGS{Tu-01, 
address={Orlando, FL},
author={Rong-Jie Tu and Chern-Lin Chen}, 
booktitle={9th Annu. Applied Power Electron. Conf. and Expo. (APEC)}, title={A new three-phase space-vector-modulated power factor corrector}, 
year={1994}, 
month={}, 
volume={}, 
number={}, 
pages={725-730}, 
keywords={AC switches;bridge rectifier;control scheme;hysteresis current control;simulations;sinusoidal input currents;sinusoidal input line currents;space-vector-modulated;three-phase;three-wire boost-type power factor corrector;bridge circuits;electric current control;power convertors;power factor correction;rectifiers;rectifying circuits;switching circuits;}, 
doi={10.1109/APEC.1994.316326}, 
ISBN={},
publisher={IEEE}}

@ARTICLE{Tu-02, 
author={Rong-Jie Tu and Chern-Lin Chen}, 
journal={IEEE Trans. Ind. Electron.}, title={A new space-vector-modulated control for a unidirectional three-phase switch-mode rectifier}, 
year={1998}, 
month={}, 
volume={45}, 
number={2}, 
pages={256-262}, 
keywords={AC switches;bridge rectifier;hysteresis current control;input phase voltages;power lines;sinusoidal input currents;sinusoidal input line currents;space vector-modulated control;unidirectional three-phase switch-mode rectifier;AC-DC power convertors;bridge circuits;control system analysis;control system synthesis;electric current control;harmonic distortion;modulation;power system harmonics;rectifying circuits;switched mode power supplies;}, 
doi={10.1109/41.681224}, 
ISSN={},}

@ARTICLE{Thounthong-01, 
author={Thounthong, P. and Davat, B. and Rael, S. and Sethakul, P.}, 
journal={IEEE Ind. Electron. Mag.}, title={Fuel cell high-power applications}, 
year={2009}, 
month={}, 
volume={3}, 
number={1}, 
pages={32-46}, 
keywords={clean energy conversion technology;electrical characteristics;fuel cell high-power applications;fuel cells;high-power applications;high-power dc distributed power systems;interleaving algorithm;parallel converter modules;power electronic requirements;power-conditioning systems;step-up DC/DC converters;DC-DC power convertors;direct energy conversion;distributed power generation;fuel cells;reviews;}, 
doi={10.1109/MIE.2008.930365}, 
ISSN={},}

@phdthesis{Ortmann-01, 
address={Florianopolis, Brazil},
author={Ortmann, M. S.}, 
pages={288},
publisher={Instituto de Eletr\^onica de Pot\^encia, Universidade Federal de Santa Catarina},
school={Instituto de Eletr\^onica de Pot\^encia, Universidade Federal de Santa Catarina},
title={Retificadores Multin\'iveis PWM Unidirecionais de Alto Fator de Pot\^encia com C\'elula de Comuta{\c c}\~ao de M\'ultiplos Estados}, 
type={Doutorado em Engenharia El\'etrica},
year={2012},}

@phdthesis{Cougo-01, 
address={Toulouse, France},
author={Cougo, B.}, 
pages={247},
publisher={Laboratoire LAPLACE, Institut National Polytechnique de (INP) Toulouse},
school={Laboratoire LAPLACE, Institut National Polytechnique de (INP) Toulouse},
title={Design and Optimization of Intercell Transformers for Parallel Multicell Converters}, 
type={Doctorat en G\'enie \'Electtrique},
year={2010},}

@ARTICLE{BattleOfCurrents-01,
author={Sulzberger, C. L.},
journal={IEEE Power and Energy Mag.},
title={Triumph of AC, Part I - from Pearl Street to Niagara},
year={2003},
month={},
volume={99},
number={3},
pages={64-67},
keywords={electricity supply industry;history;power transmission;USA;alternating current;competition;direct current;distribution;electric power industry;generation;history;transmission;AC generators;DC generators;Electric motors;Electric resistance;Europe;History;Lamps;Magnetohydrodynamic power generation;Power generation;Power generation economics},
doi={10.1109/MPAE.2003.1197918},
ISSN={},}

@ARTICLE{BattleOfCurrents-02,
author={Sulzberger, C. L.},
journal={IEEE Power and Energy Mag.},
title={Triumph of AC, Part II - The battle of the currents},
year={2003},
month={},
volume={1},
number={4},
pages={70-73},
keywords={history;power systems;AC power systems;alternating current;battle of the currents;incandescent light;low-voltage DC power systems;AC generators;AC motors;DC generators;Electrical equipment industry;Electricity supply industry;Industrial power systems;Manufacturing industries;Power engineering and energy;Power generation;Power systems},
doi={10.1109/MPAE.2003.1213534},
ISSN={},}

@ARTICLE{Transistor,
author={Riordan, M.},
journal={IEEE Spectrum },
title={The lost history of the transistor},
year={2004},
month={},
volume={41},
number={5},
pages={44-49},
keywords={bipolar transistors;history;silicon;Bell Labs;Bell Telephone Laboratories;Texas Instruments;history;junction transistor;silicon transistors;Acoustic scattering;Germanium;History;Instruments;Manufacturing;Music;Silicon devices;Telephony;Transistors;Watches},
doi={10.1109/MSPEC.2004.1296014},
ISSN={},}

@book{Barbi, 
address={Florianopolis, Brazil},
author={Barbi, I.}, 
title={Eletr\^onica de Pot\^encia}, 
year={2006}, 
pages={328}, 
publisher={Edi{\c c}\~ao do Autor},
ISBN={},}

@ARTICLE{Singh-01,
author={Singh, B. N. and Chandra, A. and Al-Haddad, K. and Pandey, A. and Kothari, D. P.},
journal={IEEE Trans. Ind. Electron.},
title={A review of three-phase improved power quality AC-DC converters},
year={2004},
month={},
volume={51},
number={3},
pages={641-660},
keywords={AC-DC power convertors;harmonic distortion;load flow;power conversion harmonics;power factor correction;power supply quality;rectifying circuits;reviews;DC output regulation;bidirectional power flow;input AC mains;power quality improvement;power-factor correction;switch-mode rectifiers;three-phase AC-DC converters;total harmonic distortion;unidirectional power flow;Active filters;Analog-digital conversion;Batteries;Power engineering and energy;Power harmonic filters;Power quality;Rectifiers;Switching converters;Thyristors;Variable speed drives;Harmonic reduction;improved power quality;power-factor correction;switch-mode rectifiers;three-phase ac–dc converters},
doi={10.1109/TIE.2004.825341},
ISSN={},}

@ARTICLE{Singh-02,
author={Singh, B.N. and Chandra, A. and Al-Haddad, K. and Pandey, A. and Kothari, D. P.},
journal={IEEE Trans. Ind. Electron.},
title={A review of single-phase improved power quality AC-DC converters},
year={2003},
month={},
volume={50},
number={5},
pages={962-981},
keywords={AC-DC power convertors;harmonic distortion;harmonics suppression;load flow;power supply quality;rectifying circuits;bidirectional power flow;boost mode;buck mode;buck-boost mode;input AC mains;multilevel mode;power quality improvement;power-factor correction;precisely regulated DC output;reduced total harmonic distortion;single-phase improved power quality AC-DC converters;solid-state switch-mode rectification converters;switch-mode rectifiers;switched-mode AC-DC converters;unidirectional power flow;AC-DC power converters;Analog-digital conversion;Art;Bidirectional power flow;Design engineering;Power engineering and energy;Power quality;Solid state circuits;Switching converters;Total harmonic distortion},
doi={10.1109/TIE.2003.817609},
ISSN={},}

@ARTICLE{Ortmann-02,
author={Ortmann, M. S. and Mussa, S. A. and Heldwein, M. L.},
journal={IEEE Trans. Power Electron.},
title={Three-Phase Multilevel PFC Rectifier Based on Multistate Switching Cells},
year={2015},
month={},
volume={30},
number={4},
pages={1843-1854},
keywords={IEC standards;power factor correction;power semiconductor devices;power transformers;rectifying circuits;switching convertors;IEC61000-3-2 requirements;MIPT;Vienna-type rectifier topologies;boost inductors;control strategies;converter structure;modulation strategies;multiinterphase transformers;multistate switching cells;power 7.5 kW;power semiconductor devices;switching networks;three-phase multilevel PFC rectifier;three-phase multilevel power factor correction rectifier;Frequency modulation;Inductors;Legged locomotion;Network topology;Switches;Windings;High efficiency;PWM rectifiers;high power density;multistate switching cells;power factor correction},
doi={10.1109/TPEL.2014.2326055},
ISSN={},}

@ARTICLE{Ortmann-03,
author={Ortmann, M. S. and Mussa, S. A. and Heldwein, M. L.},
journal={IEEE Trans. Power Electron.},
title={Generalized Analysis of a Multistate Switching Cells-Based Single-Phase Multilevel PFC Rectifier},
year={2012},
month={},
volume={27},
number={1},
pages={46-56},
keywords={PWM rectifiers;optimisation;power factor correction;rectifiers;efficiency-based optimization;input current ripple;multistate switching cells;output currents rms values;power semiconductor stress;single-phase multilevel PFC rectifier;single-phase multilevel power factor correction rectifier;Capacitors;Inductors;Leg;Logic gates;Modulation;Switches;Windings;High efficiency;PWM rectifiers;multi-state switching cells;power factor correction},
doi={10.1109/TPEL.2011.2157527},
ISSN={},}

@INPROCEEDINGS{Ortmann-04,
address={Natal, Brazil},
author={Ortmann, M. S. and Mussa, S. A. and Heldwein, M. L.},
booktitle={Brazilian Power Electron. Conf. (COBEP)},
title={Evaluation of carrier-based PWM strategies for multi-state switching cells-based multilevel three-phase rectifiers},
year={2011},
month={},
pages={903-910},
keywords={PWM rectifiers;power semiconductor devices;power transformers;switching convertors;carrier-based PWM;common-mode;current ripple;dc-link midpoint;differential-mode;electromagnetic emissions;high power density;magnetizing current;multiinterphase transformer;multilevel three-phase PWM rectifiers;multilevel three-phase rectifiers;multistate switching cells;passive components;power semiconductor;voltage gain;voltage generation;Delta modulation;Inductors;Legged locomotion;Pulse width modulation;Switches;Windings;High efficiency;multi-state switching cells;multilevel converters;three-phase rectifiers},
doi={10.1109/COBEP.2011.6085303},
ISSN={},
publisher={IEEE},}

@INPROCEEDINGS{Hausmann-01,
address={Porto, Portugal},
author={Hausmann, R. and da Silva, R. and Barbi, I.},
booktitle={Industrial Electronics, 2009. IECON '09. 35th Annual Conference of IEEE},
title={Three-phase NPC inverter using three-phase coupled inductor},
year={2009},
month={},
pages={913-918},
keywords={harmonic distortion;invertors;harmonic distortion;power stage diagram;three-phase NPC inverter;three-phase coupled inductor;Diodes;Filters;Frequency;Harmonic distortion;Inductors;Pulse width modulation inverters;Static power converters;Switches;Topology;Voltage},
doi={10.1109/IECON.2009.5415040},
ISSN={},
publisher={IEEE}}

@ARTICLE{Hausmann-02,
author={Hausmann, R. and Barbi, I.},
journal={IEEE Trans. Power Electron.},
title={Three-Phase DC-AC Converter Using Four-State Switching Cell},
year={2011},
month={},
volume={26},
number={7},
pages={1857-1867},
keywords={DC-AC power convertors;PWM power convertors;harmonic distortion;harmonics suppression;power conversion harmonics;power inductors;four-state switching cell;frequency 9 kHz;harmonic distortion reduction;load voltage vectorial interpretation;power 15 kW;power stage diagram;sinusoidal pulsewidth modulation;three-phase DC-AC converter;three-phase coupled inductor;topological states;voltage 300 V;Converters;Harmonic analysis;Inductors;Power harmonic filters;Switches;Switching frequency;Windings;Three-phase dc–ac converter;four-state switching cell;multilevel inverter},
doi={10.1109/TPEL.2010.2091722},
ISSN={},}

@ARTICLE{IEEE-519,
author={IEEE-Std.519},
title={IEEE Standard 519 - Recommended Practices and Requirements for Harmonics Control in Electric Power Systems},
year={1992}}

@ARTICLE{IEC-EMC,
author={IEC-EMC.Standards},
title={Int. Electrotechnical Commission (IEC) - EMC Standards - Part 3: Limits - Section 2: Limits for Harmonic Current Emissions (Equipament Input Current lower than 16 A per phase)},
year={1995}}

@ARTICLE{MIPT-IEEE,
author={IEEE-Std.C57.12.80},
title={IEEE Standard Terminology for Power and Distribution Transformers (Revision of IEEE-Std.C57.12.80-1978)},
year={2002}}

@ARTICLE{MIPT-IEC,
author={IEC-Sec.551-14},
title={Int. Electrotechnical Commission (IEC) - Power Electronics Section 551-14: Essencial components of power electronic equipament - Interphase Transformer},
year={1998}}

@ARTICLE{Walber-01,
author={Arsov, G. L.},
journal={Electronics Journal}, 
title={Celebrating 65th Anniversary of the Transistor},
year={2013},
volume={17}, 
number={2}, 
pages={63-70}}

@ARTICLE{Walber-02,
author={Arsov, G. L.},
journal={Electronics Journal}, 
title={The Sixth Decade of the Thyristor},
year={2010},
volume={14}, 
number={1}, 
pages={3-7}}

@phdthesis{Hausmann-03, 
address={Florianopolis, Brazil},
author={Hausmann, R.}, 
pages={251},
publisher={Instituto de Eletr\^onica de Pot\^encia, Universidade Federal de Santa Catarina},
school={Instituto de Eletr\^onica de Pot\^encia, Universidade Federal de Santa Catarina},
title={Conversores CC-CA Multin\'iveis com C\'elula de Acoplamento Indutivo}, 
type={Doutorado em Engenharia El\'etrica},
year={2011},}

@masterthesis{Flores-01, 
address={Florianopolis, Brazil},
author={Cortez, D. F.}, 
pages={229},
publisher={Instituto de Eletr\^onica de Pot\^encia, Universidade Federal de Santa Catarina},
school={Instituto de Eletr\^onica de Pot\^encia, Universidade Federal de Santa Catarina},
title={Inversor Trif\'asico utilizando C\'elula de Comuta{\c c}\~ao de M\'ultiplos Estados para Conex\~ao de um Sistema E\'olico \`a Rede El\'etrica}, 
type={Mestrado em Engenharia El\'etrica},
year={2012},}

@ARTICLE{Ronny-01, 
author={Cacau, R. G. A. and Torrico-Bascope, R. P. and Aberides Ferreira Neto, J. and Torrico-Bascope, G. V.}, 
journal={IEEE Trans. Ind. Applicat.}, 
title={Five-Level T-Type Inverter Based on Multistate Switching Cell}, 
year={2014}, 
month={}, 
volume={50}, 
number={6}, 
pages={3857-3866}, 
keywords={LC circuits;invertors;network topology;switching convertors;current flow path;current sharing;five-level T-type inverter topology;five-level voltage;high-order harmonics;multistate switching cell;output LC filter;output filter ripple frequency;power 5 kW;switching frequency;Inverters;Magnetic separation;Modulation;Switches;Switching frequency;Topology;Windings;High efficiency;T-type converter;multilevel converter;multistate switching cell (MSSC)}, 
doi={10.1109/TIA.2014.2311508}, 
ISSN={},}

@ARTICLE{Alcazar-01, 
author={Alcazar, Y. J. A. and de Oliveira, D. S. and Tofoli, F. L. and Torrico-Bascope, R. P.}, 
journal={IEEE Trans. Ind. Electron.}, 
title={DC-DC Nonisolated Boost Converter Based on the Three-State Switching Cell and Voltage Multiplier Cells}, 
year={2013}, 
month={}, 
volume={60}, 
number={10}, 
pages={4438-4449}, 
keywords={DC-DC power convertors;uninterruptible power supplies;voltage multipliers;DC-DC nonisolated boost converter;electrical fork-lift;laboratory prototype;power 1 kW;renewable energy conversion systems;renewable energy systems;three-state switching cell;uninterruptible power supplies;voltage multiplier cells;Capacitors;Circuit faults;Inductors;Semiconductor diodes;Stress;Switches;Topology;Boost converters;dc–dc converters;high voltage gain;voltage multiplier cells (VMCs)}, 
doi={10.1109/TIE.2012.2213555}, 
ISSN={},}

@INPROCEEDINGS{Boillat-01, 
address={Nagasaki, Japan},
author={Boillat, D. O. and Kolar, J. W.}, 
booktitle={Int. Conf. Renewable Energy Research and Applicat. (ICRERA)}, 
title={Modeling and experimental analysis of a Coupling Inductor employed in a high performance AC power source}, 
year={2012}, 
month={}, 
pages={1-18}, 
keywords={power convertors;power inductors;CI behavior;CI saturation;bridge-leg output voltages;coupling inductor currents;coupling inductor modelling;high coupling factors;high performance AC power source;interleaved parallel connected converter stages;longitudinal components;multiphase 3-level voltage source converter;power 10 kW;transverse components;Couplings;Equivalent circuits;Inductance;Inductors;Magnetic circuits;Switches;Windings;4-Phase High Performance AC Power Source;Coupling Inductor;Longitudinal Current Component;Symmetric Core Magnetization;Transverse Current Component;Two-Stage LC Output Filter}, 
doi={10.1109/ICRERA.2012.6477401},
publisher={IEEE}}

@INPROCEEDINGS{Villar-01,
address={Santander, Spain},
author={Martin, K. and Rujas, A. and Villar, I. and Perez-de-Arenaza, I. and Etxeberria-Otadui, I.}, 
booktitle={15th Workshop on Control and Modeling for Power Electron. (COMPEL)}, 
title={Design of a 2.5kW PFC boost full-SiC converter based on close-coupled inductors}, 
year={2014}, 
month={}, 
pages={1-7}, 
keywords={inductors;power factor correction;silicon compounds;switching convertors;HEV;PFC boost full-silicon carbide converter;SiC;close-coupled inductor topology;close-coupled inductors;coupled inductors topology;efficiency 53.54 percent;efficiency 97.385 percent;hybrid electric vehicles;inductor effective volume;interleaved PFC boost all-SiC converter;onboard application;power 2.5 kW;power density;railway traction;silicon carbide power switches;switching frequency;vertical transportation;very-high-power converters;volume limitation;Couplings;Inductance;Inductors;Magnetic cores;Magnetic separation;Mathematical model;Topology;Close-coupled inductors;High power density;Interleaved boost converter;Power Factor correction}, 
doi={10.1109/COMPEL.2014.6877157},
publisher={IEEE}}

@INPROCEEDINGS{Boroyevich-01, 
address={Charlotte, NC},
author={ Wang, Q. and Zhang, X. and Burgos, R. and Boroyevich, D. and White, A. and Kheraluwala, M.}, 
booktitle={30th Annu. Applied Power Electron. Conf. and Expo. (APEC)}, 
title={Design and implementation of interleaved Vienna rectifier with greater than 99\% efficiency}, 
year={2015}, 
month={}, 
pages={72-78}, 
keywords={electric current control;optimisation;rectifiers;circulating current generation;design procedure;hardware implementation;interleaving operation;loss calculation;optimization procedure;three-phase interleaved Vienna rectifier;two-channel interleaved Vienna rectifier;Inductors;Logic gates;MOSFET;Rectifiers;Schottky diodes;Semiconductor device modeling;Switching loss}, 
doi={10.1109/APEC.2015.7104334},
publisher={IEEE}}

@ARTICLE{Interleaving-01, 
author={Lu, S. and Mu, M. and Jiao, Y. and Lee, F. and Zhao, Z.}, 
journal={IEEE Trans. Power Electron.}, 
title={Coupled Inductors in Interleaved Multiphase Three-level DC-DC Converter for High Power Applications}, 
year={2015}, 
month={}, 
volume={PP}, 
number={99}, 
pages={1-1}, 
keywords={Capacitors;DC-DC power converters;Inductors;Legged locomotion;Power grids;Switches;Coupled inductor;DC-DC converter;multiphase three-level}, 
doi={10.1109/TPEL.2015.2398572}, 
ISSN={},}

@ARTICLE{Interleaving-02, 
author={Capella, G. J. and Pou, J. and Ceballos, S. and Zaragoza, J. and Agelidis, V. G.}, 
journal={IEEE Trans. Ind. Electron.}, 
title={Current-Balancing Technique for Interleaved Voltage Source Inverters With Magnetically Coupled Legs Connected in Parallel}, 
year={2015}, 
month={}, 
volume={62}, 
number={3}, 
pages={1335-1344}, 
keywords={electric current control;invertors;circulating current control;coupled inductors;current-balancing technique;interleaved voltage source inverters;magnetically coupled legs;power devices;uncoupled inductors;zero coupling coefficients;Couplings;Inductors;Inverters;Legged locomotion;Modulation;Switches;Voltage control;Current sharing;interleaving;parallel legs;pulsewidth modulation;voltage source inverter (VSI)}, 
doi={10.1109/TIE.2014.2345345}, 
ISSN={},}

@ARTICLE{Interleaving-03, 
author={Hu, Y. and Xiao, W. and Li, W. and He, X.}, 
journal={IET Power Electronics}, 
title={Three-phase interleaved high-step-up converter with coupled-inductor-based voltage quadrupler}, 
year={2014}, 
month={}, 
volume={7}, 
number={7}, 
pages={1841-1849}, 
keywords={DC-DC power convertors;bridge circuits;voltage multipliers;zero voltage switching;DC-DC solution;active clamp circuit;coupled inductor based voltage quadrupler;energy stored;galvanic isolation;high step-up converter;high voltage gain;leakage inductance;output diode reverse recovery problem;three phase coupled inductor bridge;three phase interleaved converter;voltage spikes;voltage stress;zero voltage switching operation}, 
doi={10.1049/iet-pel.2013.0751}, 
ISSN={},}

@ARTICLE{Interleaving-04, 
author={Ewanchuk, J. and Salmon, J.}, 
journal={IEEE Trans. Ind. Electron.}, 
title={Three-limb Coupled Inductor Operation for Paralleled Multi-level Three-Phase Voltage Sourced Inverters}, 
year={2013}, 
month={}, 
volume={60}, 
number={5}, 
pages={1979-1988}, 
keywords={DC-AC power convertors;PWM invertors;inductors;switching convertors;high frequency common mode voltage difference;interleaved pulse width modulation;paralleled multilevel three phase voltage sourced inverters;power 3 kW;power conversion quality;single phase output reactors;three-limb coupled inductor operation;Inductors;Inverters;Permeability;Pulse width modulation;Standards;Switches;Windings;AC motors drives;DC/AC inverters;coupled inductors;interleaved three-phase inverters;pulse width modulation (PWM)}, 
doi={10.1109/TIE.2012.2221112}, 
ISSN={},}

@ARTICLE{Interleaving-05, 
author={Shin, H. -B. and Park, J. -G. and Chung, S. -K. and Lee, H. -W. and Lipo, T. A.}, 
journal={IEEE Proc. Electric Power Applicat.}, 
title={Generalised steady-state analysis of multiphase interleaved boost converter with coupled inductors}, 
year={2005}, 
month={}, 
volume={152}, 
number={3}, 
pages={584-594}, 
keywords={inductors;power convertors;state-space methods;continuous inductor current mode;coupled inductors;generalised steady-state analysis;multiphase interleaved boost converter;steady-state performance;transformed average state-space model}, 
doi={10.1049/ip-epa:20045052}, 
ISSN={},}

@ARTICLE{Interleaving-06, 
author={Zhang, D. and Wang, F. and Burgos, R. and Lai, R. and Boroyevich, D.}, 
journal={IEEE Trans. Power Electron.}, 
title={DC-Link Ripple Current Reduction for Paralleled Three-Phase Voltage-Source Converters With Interleaving}, 
year={2011}, 
month={}, 
volume={26}, 
number={6}, 
pages={1741-1753}, 
keywords={optimisation;power convertors;pulse width modulation;DC link ripple current reduction;dc side passive component;displacement angle;interleaving angle optimization method;modulation index;paralleled three-phase voltage source converter;power factor;pulsewidth modulation scheme;ripple current;Capacitors;Harmonic analysis;Power conversion;Pulse width modulation;Reliability;Switches;Harmonic current;interleaving;parallel;ripple current;voltage-source converter (VSC)}, 
doi={10.1109/TPEL.2010.2082002}, 
ISSN={},}

@ARTICLE{Meynard-01, 
author={Labour\'e, E. and Cuniere, A. and Meynard, T. A. and Forest, F. and Sarraute, E.}, 
journal={IEEE Trans. Power Electron.}, 
title={A Theoretical Approach to InterCell Transformers, Application to Interleaved Converters}, 
year={2008}, 
month={}, 
volume={23}, 
number={1}, 
pages={464-474}, 
keywords={inductors;power convertors;transformer cores;InterCell transformers;core losses;core sizing;interleaved power converter;maximum flux density;phase shifts;power electronics;Buck converters;Filtering;Frequency conversion;Inductance;Inductors;Interleaved codes;Magnetic analysis;Magnetic separation;Transformer cores;Transient response;Coupled inductors;InterCell transformers;interleaved converters;interphase transformers}, 
doi={10.1109/TPEL.2007.911786}, 
ISSN={},}

@INPROCEEDINGS{Cougo-02,
address={Vi a del Mar, Chile},
author={Meynard, T. and Cougo, B.  and Forest, F. and Labour\'e, E.},
booktitle={Int. Conf. Ind. Technology (ICIT)},
title={Parallel multicell converters for high current: Design of intercell transformers},
year={2010},
month={},
pages={1359-1364},
keywords={magnetic flux;power convertors;power transformers;copper losses;core losses;flux trajectories;heat exchange surface;intercell transformers;multilevel output voltage;parallel converters;parallel multicell converters;series multicell converters;Copper;Filters;Heart;Inductance;Inductors;Magnetic flux;Switching frequency;Topology;Transformers;Voltage},
doi={10.1109/ICIT.2010.5472516},
publisher={IEEE}}

@ARTICLE{Cougo-03,
author={Cougo, B. and Gateau, G. and Meynard, T. and Bobrowska-Rafal, M. and Cousineau, M.},
journal={IEEE Trans. Ind. Electron.},
title={PD Modulation Scheme for Three-Phase Parallel Multilevel Inverters},
year={2012},
month={},
volume={59},
number={2},
pages={690-700},
keywords={PWM invertors;PD modulation scheme;PWM methods;band transition compensation;carrier disposition;interleaving techniques;load current ripple;pulsewidth modulation strategy;series converters;three-phase parallel multilevel inverters;zero sequence injection;Commutation;Inductors;Inverters;Phase modulation;Pulse width modulation;Signal sampling;Interleaved converters;multilevel inverters;phase disposition (PD);three-phase inverters},
doi={10.1109/TIE.2011.2158773},
ISSN={},}

@ARTICLE{Cougo-04,
author={Cougo, B. and Meynard, T. and Gateau, G.},
journal={IEEE Trans. Power Electron.},
title={Parallel Three-Phase Inverters: Optimal PWM Method for Flux Reduction in Intercell Transformers},
year={2011},
month={},
volume={26},
number={8},
pages={2184-2191},
keywords={PWM invertors;power transformers;ICT design;ICT flux;current ripple reduction;flux reduction;intercell transformers;interleaving techniques;magnetic component;magnetic flux;optimal PWM method;optimal zero-sequence signals;parallel multilevel converters;parallel three-phase inverters;pulse width modulation methods;voltage regulator modules;Converters;Equations;Inductors;Inverters;Pulse width modulation;Windings;Intercell transformer;interleaved inverter;parallel multilevel inverter;pulse width modulation (PWM) methods},
doi={10.1109/TPEL.2011.2105509},
ISSN={},}

@INPROCEEDINGS{Cougo-05,
address={Nuremberg, Germany}, 
author={Cougo, B. and Friedli, T. and Boillat, D. O. and Kolar, J. W.}, 
booktitle={7th Int. Conf. Integrated Power Electron. Syst. (CIPS)}, 
title={Comparative Evaluation of Individual and Coupled Inductor Arrangements for Input Filters of PV Inverter Systems}, 
year={2012}, 
month={}, 
pages={1-8}, 
keywords={electromagnetic interference;inductors;invertors;photovoltaic cells;PV inverter systems;comparative evaluation;coupled inductor arrangements;electromagnetic interference;heatsink;input filters;interleaved bridge legs;international standards;magnetic components;output filters;passive components;photovoltaic systems;switching frequency;three-phase inverters;total silicon area;Bridge circuits;Electromagnetic interference;Harmonic analysis;Inductors;Legged locomotion;Magnetic separation;Power harmonic filters},
publisher={IEEE}}

@ARTICLE{Salmon-04, 
author={Salmon, J. C.}, 
journal={IEEE Trans. Ind. Applicat.}, 
title={Reliable 3-phase PWM boost rectifiers employing a stacked dual boost converter subtopology}, 
year={1996}, 
month={}, 
volume={32}, 
number={3}, 
pages={542-551}, 
keywords={AC-DC power convertors;PWM power convertors;bipolar transistor switches;harmonic distortion;insulated gate bipolar transistors;power bipolar transistors;power semiconductor switches;power system harmonics;rectifying circuits;circuit topologies;current control modes;current distortion level;low-distortion AC line current;overlap delays;power IGBT switches;rectifier output DC voltage;stacked dual boost power converter subtopology;three-phase PWM boost rectifiers;unity fundamental power factor;Circuit topology;Current control;Delay;Pulse circuits;Pulse width modulation;Reactive power;Rectifiers;Space vector pulse width modulation;Switches;Switching circuits}, 
doi={10.1109/28.502165}, 
ISSN={},}

@INPROCEEDINGS{Schweizer-01, 
address={Glendale, AZ},
author={Schweizer, M. and Lizama, I. and Friedli, T. and Kolar, J .W.}, 
booktitle={36th Ann. Conf. Ind. Electron., Control and Instrumentation (IECON)}, 
title={Comparison of the chip area usage of 2-level and 3-level voltage source converter topologies}, 
year={2010}, 
month={}, 
pages={391-396}, 
keywords={bridge circuits;network topology;power convertors;3-level bridge leg module;T-type topology;chip area usage;frequency 4 kHz to 20 kHz;junction temperature;switching frequencies;voltage source converter topologies;Insulated gate bipolar transistors;Power conversion;Switches;Switching frequency;Switching loss;Topology}, 
doi={10.1109/IECON.2010.5674994}, 
ISSN={},
publisher={IEEE}}

@INPROCEEDINGS{Liu-01, 
address={Chicago, IL},
author={Liu, J. and Chen, W. and Zhang, J. and Xu, D. and Lee, F. C.}, 
booktitle={36th Conf. Rec. of the Ind. Applicat. Soc. Ann. Meeting}, 
title={Evaluation of power losses in different CCM mode single-phase boost PFC converters via a simulation tool}, 
year={2001}, 
month={}, 
volume={4}, 
pages={2455-2459}, 
keywords={DC-DC power convertors;circuit simulation;losses;power factor correction;power semiconductor diodes;switching circuits;CCM mode single-phase boost PFC converters;computer simulation;conduction loss;continuous-conduction-mode;development;diode reverse recovery loss;loss estimation;power electronics circuit topology;power losses;power losses evaluation;power semiconductors;research;simulation tool;single-phase power factor correction topologies;switching loss;Circuit simulation;Circuit topology;Computational modeling;Computer simulation;Loss measurement;Power electronics;Power factor correction;Power measurement;Semiconductor diodes;Switching loss}, 
doi={10.1109/IAS.2001.955965}, 
ISSN={},
publisher={IEEE}}}

@ARTICLE{Kolar-04, 
author={Kolar, J. W. and Ertl, H. and Zach, Franz C.}, 
journal={IEEE Trans. Ind. Appl.}, 
title={Influence of the modulation method on the conduction and switching losses of a PWM converter system}, 
year={1991}, 
month={}, 
volume={27}, 
number={6}, 
pages={1063-1075}, 
keywords={harmonics;losses;power convertors;pulse width modulation;semiconductor switches;switching;PWM;bridge leg;conduction losses;electric valves;power converter;power loss;semiconductor switches;switching frequency;switching losses;Bridges;Frequency modulation;Leg;Optimization methods;Phase modulation;Power system harmonics;Pulse shaping methods;Pulse width modulation;Pulse width modulation converters;Shape}, 
doi={10.1109/28.108456}, 
ISSN={},}

@ARTICLE{Lipo-02, 
author={Hava, A. M. and Kerkman, R. J. and Lipo, T. A.}, 
journal={IEEE Trans. Ind. Appl.}, 
title={A high-performance generalized discontinuous PWM algorithm}, 
year={1998}, 
month={}, 
volume={34}, 
number={5}, 
pages={1059-1071}, 
keywords={AC motor drives;DC-AC power convertors;PWM invertors;machine theory;switching circuits;AC motor drive applications;PWM VSI;compactness;generalized discontinuous PWM algorithm;high modulation operating range;performance;performance characteristics;simplicity;space-vector PWM method;voltage-source inverter;Linearity;Performance analysis;Performance loss;Pulse width modulation;Pulse width modulation inverters;Pulsed power supplies;Space vector pulse width modulation;Switches;Switching loss;Voltage}, 
doi={10.1109/28.720446}, 
ISSN={},}

@ARTICLE{Wang-02, 
author={Jiang, D. and Wang, F.}, 
journal={IEEE Trans. Power Electron.}, 
title={Variable Switching Frequency PWM for Three-Phase Converters Based on Current Ripple Prediction}, 
year={2013}, 
month={}, 
volume={28}, 
number={11}, 
pages={4951-4961}, 
keywords={PWM power convertors;digital signal processing chips;electric current control;electromagnetic interference;frequency control;power supply quality;switching convertors;DSP;EMI;RMS;current ripple prediction;electromagnetic interference noise;power quality;pulse-width-modulation method;three-phase variable switching frequency pwm converter;variable switching frequency control method;Electromagnetic interference;Equivalent circuits;Pulse width modulation;Switches;Switching frequency;Vectors;Current ripple;electromagnetic interference (EMI);losses;pulse width modulation (PWM);variable switching frequency}, 
doi={10.1109/TPEL.2013.2240701}, 
ISSN={},}

@ARTICLE{Wang-03, 
author={Jiang, D. and Wang, F.}, 
journal={IEEE Trans. Ind. Appl.}, 
title={Current-Ripple Prediction for Three-Phase PWM Converters}, 
year={2014}, 
month={}, 
volume={50}, 
number={1}, 
pages={531-538}, 
keywords={PWM power convertors;control system analysis;equivalent circuits;Thevenin equivalent circuit;current ripple prediction;pulsewidth modulation converter;three phase PWM converters;voltage vector;Equivalent circuits;Inductors;Simulation;Space vector pulse width modulation;Switches;Vectors;Current ripple;prediction;pulsewidth modulation (PWM);three-phase converter}, 
doi={10.1109/TIA.2013.2270224}, 
ISSN={},}

@ARTICLE{CSC-01, 
author={Ben-Yaakov, S. and Zeltser, I.}, 
journal={IEEE Trans. Ind. Electron.}, title={PWM converters with resistive input}, 
year={1998}, 
month={}, 
volume={45}, 
number={3}, 
pages={519-520}, 
keywords={DC-DC converters;PWM converters;PWM programming rules;active power factor correctors;average modeling methodology;resistive input;DC-DC power convertors;PWM power convertors;power factor correction;}, 
doi={10.1109/41.679011}, 
ISSN={},}

@ARTICLE{CSC-02, 
author={Rajagopalan, J. and Lee, F. C. and Nora, P.}, 
journal={IEEE Trans. Power Electron.}, title={A general technique for derivation of average current mode control laws for single-phase power-factor-correction circuits without input voltage sensing}, 
year={1999}, 
month={}, 
volume={14}, 
number={4}, 
pages={663-672}, 
keywords={SEPIC power stage;average current mode control laws;boost power stage;buck/boost power stage;continuous conduction mode;current loop;flyback power stage;high power factor;input current harmonic distortion measurements;large-signal averaged PWM switch model;linear PWM waveforms;power-factor-correction circuits;single-phase;single-phase topologies;small-signal models;steady-state input-output voltage relationships;three-loop-controlled average CMC converters;two-loop architecture;voltage loop;DC-DC power convertors;PWM power convertors;electric current control;electric current measurement;harmonic distortion;power conversion harmonics;power factor correction;voltage control;}, 
doi={10.1109/63.774203}, 
ISSN={},}

@ARTICLE{Mussa-01,
author={Angulo, M. and Ruiz-Caballero, D. A. and Lago, J. and Heldwein, M. L. and Mussa, S. A.},
journal={IEEE Trans. Ind. Electron.},
title={Active Power Filter Control Strategy With Implicit Closed-Loop Current Control and Resonant Controller},
year={2013},
month={},
volume={60},
number={7},
pages={2721-2730},
keywords={active filters;closed loop systems;digital control;electric current control;low-power electronics;power factor;power filters;active power filter control strategy;digital control;digital signal processor;frequency 5 kHz;implicit closed-loop current control;indirect control concepts;modified APF structure;power factor;resonant controller;simplicity-to-performance ratio;single-phase low-power prototype;virtual impedance emulation;Active filters;Capacitance;Current measurement;Harmonic analysis;Inductance;Inverters;Voltage control;Active power filter (APF);dc–ac converters;implicit control;sensorless control techniques},
doi={10.1109/TIE.2012.2196898},
ISSN={},}

@ARTICLE{Maksimovic-01, 
author={Mather, B. A. and Maksimovic, D.}, 
journal={IEEE Trans. Power Electron.}, title={A Simple Digital Power-Factor Correction Rectifier Controller}, 
year={2011}, 
month={}, 
volume={26}, 
number={1}, 
pages={9-19}, 
keywords={DSP programming;continuous conduction mode;digital power-factor correction rectifier controller;digital pulsewidth modulator;explicit current-loop compensation;hardware description language;input voltage sensing;low-cost integrated-circuit realization;low-resolution A/D converters;microcontroller;power 300 W;power management functions;single-phase digital power-factor correction control approach;PWM rectifiers;analogue-digital conversion;digital control;power factor correction;}, 
doi={10.1109/TPEL.2010.2051458}, 
ISSN={},}

@INPROCEEDINGS{Lange-01, 
address={Natal, Brazil},
author={Lange, A. D. B. and Heldwein, M. L.}, 
booktitle={Brazilian Power Electron. Conf. (COBEP)}, title={Light load stability improvement for single-phase boost pfc rectifier using input current self-control technique}, 
year={2011}, 
month={}, 
volume={}, 
number={}, 
pages={}, 
ISSN={},
publisher={IEEE}}

@ARTICLE{Patente, 
author={ORTMANN, M. S. and COLLIER, D. A. F. and HELDWEIN, M. L.}, 
journal={Pedido de Dep\'osisto de Patente ou Modelo de Utilidade PI1102756-8}, title={Auto-Controle de Corrente para Geradores El\'etricos Trif\'asicos Conectados a Retificadores Auto-comutados}, 
year={2011}, 
month={}, 
volume={}, 
number={}, 
pages={}, 
publisher={DTI/PRPE/UFSC},
keywords={}, 
doi={10.1260/030952405774354921}, 
ISSN={},}

@INPROCEEDINGS{Hartmann-04, 
address={Washington, DC},
author={Hartmann, M. and Miniboeck, J. and Kolar, J. W.}, 
booktitle={24th Annu. Applied Power Electron. Conf. and Expo. (APEC)}, 
title={A Three-Phase Delta Switch Rectifier for More Electric Aircraft Applications Employing a Novel PWM Current Control Concept}, 
year={2009}, 
month={}, 
pages={1633-1640}, 
keywords={PWM rectifiers;aircraft power systems;electric current control;EMI-measurements;PWM current control;aircraft power system;electric aircraft applications;power 5 kW;space vector calculus;switching sequences;three phase control;three-phase delta switch rectifier;Aerospace control;Aircraft;Control systems;Electric current control;Functional analysis;Prototypes;Pulse width modulation;Rectifiers;Switches;Topology}, 
doi={10.1109/APEC.2009.4802887}, 
publisher={IEEE},}

@phdthesis{Batista-03, 
address={Florianopolis, Brazil},
author={Batista, F. A. B.}, 
pages={297},
publisher={},
school={Instituto de Eletr\^onica de Pot\^encia, Universidade Federal de Santa Catarina},
title={Modula{\c c}\~ao Vetorial Aplicada a Retificadores PWM Trif\'asicos Unidirecionais}, 
type={Doutorado em Engenharia El\'etrica},
year={2006},}

@INPROCEEDINGS{PCIM, 
address={Shanghai, China},
author={Collier, D. A. F. and Maryama, V. and Heldwein, M. L.}, 
booktitle={Proc. of the Int. Exhibition Conf. Power Electron., Intelligent Motion and Power Quality}, title={{L}ow Conduction Losses PWM Rectifier for High Efficiency Wind Power Micro-Generation}, 
year={2011}, 
month={}, 
volume={}, 
number={}, 
pages={}, 
publisher={PCIM-Asia},
ISSN={},}

@BOOK{Wu-01, 
address={Hoboken, NJ},
author={Wu, B.}, 
title={High-Power Converters and AC Drives}, 
year={2006}, 
pages={450}, 
publisher={John Wiley \& Sons, Inc.}, 
ISBN={},}

@ARTICLE{Clarke, 
author={Duesterhoeft, W. C. and Schulz, Max W. and Clarke, Edith}, 
journal={Trans. Amer. Inst. Elect. Engineers}, title={Determination of Instantaneous Currents and Voltages by Means of Alpha, Beta, and Zero Components}, 
year={1951}, 
month={}, 
volume={70}, 
number={2}, 
pages={1248-1255}, 
keywords={}, 
doi={10.1109/T-AIEE.1951.5060554}, 
ISSN={},}

@ARTICLE{Vienna-01, 
author={Lee, J.-S. and Lee, K.B.}, 
journal={IEEE Trans. Power Electron.}, 
title={Carrier-Based Discontinuous PWM Method for Vienna Rectifiers}, 
year={2015}, 
month={}, 
volume={30}, 
number={6}, 
pages={2896-2900}, 
keywords={PWM rectifiers;power factor;power grids;power system harmonics;Vienna rectifiers;carrier-based discontinuous PWM method;grid-connected application;nongenerative-boost type rectifier;pulse width modulation method;switching method;three-level topology;total harmonic distortion;unity power factor;Pulse width modulation;Reactive power;Rectifiers;Switches;Topology;Vectors;Carrier-based pulse width modulation (CB-PWM);Vienna rectifier;carrier-based pulse width modulation (CB-PWM);discontinuous PWM (DPWM);three-level converter}, 
doi={10.1109/TPEL.2014.2365014}, 
ISSN={},}

@ARTICLE{Vienna-02, 
author={Hang, L. and Li, B. and Zhang, M. and Wang, Y. and Tolbert, L. M.}, 
journal={IEEE Trans. Ind. Electron.}, 
title={Equivalence of SVM and Carrier-Based PWM in Three-Phase/Wire/Level Vienna Rectifier and Capability of Unbalanced-Load Control}, 
year={2014}, 
month={}, 
volume={61}, 
number={1}, 
pages={20-28}, 
keywords={PWM power convertors;adaptive control;load regulation;power factor;rectifiers;robust control;SVM equivalence;adaptive controller;carrier-based PWM;dc-link neutral point;equivalent carrier-based pulsewidth modulation;power 2.5 kW;power converter;robust controller;space vector modulation;three-phase-wire-level Vienna rectifier;unbalanced-load control capability;unity power factor;voltage balancing ability;Pulse width modulation;Rectifiers;Support vector machines;Switches;Topology;Vectors;Carrier-based pulsewidth modulation (PWM);Vienna rectifier;common-mode component;dc-link neutral point balance;space vector modulation (SVM)}, 
doi={10.1109/TIE.2013.2240637}, 
ISSN={},}

@ARTICLE{Vienna-03, 
author={Lai, R. and Wang, F. and Burgos, R. and Boroyevich, D. and Jiang, D. and Zhang, D.}, 
journal={IEEE Trans. Power Electron.}, 
title={Average Modeling and Control Design for VIENNA-Type Rectifiers Considering the DC-Link Voltage Balance}, 
year={2009}, 
month={}, 
volume={24}, 
number={11}, 
pages={2509-2522}, 
keywords={PWM rectifiers;power convertors;power system control;state-space methods;voltage regulators;DC-link voltage balance;VIENNA-type rectifier control design;average modeling;control algorithm;d- q model;nonregenerative three phase three level boost rectifier;pulsewidth modulation;space vector;state-space analysis;switching cycle;voltage balancing mechanism;zero sequence component;Circuit topology;Control design;Current control;Hysteresis;Pulse width modulation;Reactive power;Rectifiers;Space vector pulse width modulation;Switching frequency;Voltage control;Average $d$– $q$ model;VIENNA-type rectifier;carrier-based pulsewidth modulation (PWM);operation region;space vector}, 
doi={10.1109/TPEL.2009.2032262}, 
ISSN={},}

@ARTICLE{DeltaiRect-01, 
author={Zhao, Y. and Li, T. and Lipo, T. A.}, 
journal={IEEE Trans.Ind. Applicat.}, 
title={Force commutated three level boost type rectifier}, 
year={1995}, 
month={}, 
volume={31}, 
number={1}, 
pages={155-161}, 
keywords={commutation;electric current control;power factor;rectifiers;rectifying circuits;reliability;voltage control;doubled DC bus voltage;force commutated three level boost type rectifier;high reliability;input current control;nearly sinusoidal current;neutral point clamping;neutral point voltage control;operating principle;shoot-through free structure;steady state analysis;two-level rectifier;unity fundamental power factor;Arm;Bridge circuits;Diodes;Power electronics;Reactive power;Rectifiers;Steady-state;Switches;Thyristors;Voltage}, 
doi={10.1109/28.363036}, 
ISSN={},}

@ARTICLE{Vienna-V01, 
author={Dalessandro, L. and Round, S. D. and Kolar, J. W.}, 
journal={IEEE Trans. Power Electron.}, 
title={Center-Point Voltage Balancing of Hysteresis Current Controlled Three-Level PWM Rectifiers}, 
year={2008}, 
month={}, 
volume={23}, 
number={5}, 
pages={2477-2488}, 
keywords={PWM rectifiers;control system synthesis;electric current control;machine control;voltage control;center-point controller;center-point voltage balancing;current-offset injection;hysteresis current controlled three-level PWM rectifiers;input current-reference;space-vector representation;Capacitors;Current control;Hysteresis;Power system dynamics;Power system harmonics;Pulse width modulation;Pulse width modulation inverters;Rectifiers;Topology;Voltage control;Center point voltage control;hysteresis current control;three-phase three-level rectifiers}, 
doi={10.1109/TPEL.2008.2002060}, 
ISSN={},}

@ARTICLE{Vienna-V02, 
author={Celanovic, N. and Boroyevich, D.}, 
journal={IEEE Trans. Power Electronics}, 
title={A comprehensive study of neutral-point voltage balancing problem in three-level neutral-point-clamped voltage source PWM inverters}, 
year={2000}, 
month={}, 
volume={15}, 
number={2}, 
pages={242-249}, 
keywords={DC-AC power convertors;PWM invertors;load (electric);switching circuits;DQ coordinate frame model;current switching functions;loading conditions;low-frequency ripple;neutral-point voltage balancing;three-level neutral-point-clamped voltage source PWM inverters;Application software;Capacitors;Magnetic separation;Power semiconductor devices;Power semiconductor switches;Pulse width modulation;Pulse width modulation inverters;Switching frequency;Topology;Voltage}, 
doi={10.1109/63.838096}, 
ISSN={},}

@ARTICLE{Vienna-V03, 
author={Marchesoni, M. and Segarich, P. and Soressi, E.}, 
journal={IEEE Trans. Ind. Electron.}, 
title={A new control strategy for neutral-point-clamped active rectifiers}, 
year={2005}, 
month={}, 
volume={52}, 
number={2}, 
pages={462-470}, 
keywords={AC-DC power convertors;PWM power convertors;compensation;power capacitors;rectifying circuits;AC-DC power conversion;DC-link capacitor;PWM;active rectifier;compensation;control strategy;current amplitude modulation;high-power drive;medium-voltage drive;neutral-point-clamping;pulse width modulation;voltage fluctuation;Amplitude modulation;Analytical models;Capacitors;Medium voltage;Pulse width modulation;Pulse width modulation converters;Pulse width modulation inverters;Rectifiers;Voltage fluctuations;Zero voltage switching;AC–DC power conversion;active rectifiers;high-power drives;medium-voltage drives;neutral-point-clamped (NPC) rectifiers;pulsewidth modulation (PWM)}, 
doi={10.1109/TIE.2005.843909}, 
ISSN={},}

@INPROCEEDINGS{CSC-03, 
address={Recife, PE, Brazil},
author={Borgonovo, D. and Remor, J. P. and Barbi, I. and Perin, A. J.}, 
booktitle={36th Annu. Power Electron. Specialists Conf. (PESC)}, title={A Self-Controlled Power Factor Correction Single-Phase Boost Pre-Regulator}, 
year={2005}, 
month={}, 
volume={}, 
number={}, 
pages={2351-2357}, 
keywords={input current control;proportional compensator;reference current;self-controlled power factor correction;single-phase boost PFC;single-phase boost preregulator;compensation;control system analysis;electric current control;power convertors;power factor correction;robust control;}, 
doi={10.1109/PESC.2005.1581961}, 
ISSN={},
publisher={IEEE}}

@INPROCEEDINGS{CSC-04, 
address={Rhodes, Greece},
author={Borgonovo, D. and Mussa, S. A.}, 
booktitle={39th Annu. Power Electron. Specialists Conf. (PESC)}, title={Single-phase boost PFC voltage-doubler self-controlled using FPGA}, 
year={2008}, 
month={}, 
volume={}, 
number={}, 
pages={4457-4463}, 
keywords={ALTERAreg Cyclone II EP2C35F672C6;FPGA;natural feedback;output voltages control;power factor corrector;proportional compensator;single-phase boost PFC voltage-doubler;voltage balancing;voltage regulation;compensation;feedback;field programmable gate arrays;power convertors;power factor correction;rectifiers;robust control;voltage control;}, 
doi={10.1109/PESC.2008.4592665}, 
ISSN={},
publisher={IEEE}}

@ARTICLE{CSC-05, 
author={Mather, B. A. and Maksimovic, D.}, 
journal={IEEE Trans. Power Electron.}, title={A Simple Digital Power-Factor Correction Rectifier Controller}, 
year={2011}, 
month={}, 
volume={26}, 
number={1}, 
pages={9-19}, 
keywords={DSP programming;continuous conduction mode;digital power-factor correction rectifier controller;digital pulsewidth modulator;explicit current-loop compensation;hardware description language;input voltage sensing;low-cost integrated-circuit realization;low-resolution A/D converters;microcontroller;power 300 W;power management functions;single-phase digital power-factor correction control approach;PWM rectifiers;analogue-digital conversion;digital control;power factor correction;}, 
doi={10.1109/TPEL.2010.2051458}, 
ISSN={},}

@ARTICLE{Caballero, 
author={Angulo, M. and Ruiz-Caballero, D. A. and Lago, J. and Heldwein, M. L. and Mussa, S. A.}, 
journal={IEEE Trans. Ind. Electron.}, 
title={Active Power Filter Control Strategy With Implicit Closed-Loop Current Control and Resonant Controller}, 
year={2013}, 
month={}, 
volume={60}, 
number={7}, 
pages={2721-2730}, 
keywords={active filters;closed loop systems;digital control;electric current control;low-power electronics;power factor;power filters;active power filter control strategy;digital control;digital signal processor;frequency 5 kHz;implicit closed-loop current control;indirect control concepts;modified APF structure;power factor;resonant controller;simplicity-to-performance ratio;single-phase low-power prototype;virtual impedance emulation;Active filters;Capacitance;Current measurement;Harmonic analysis;Inductance;Inverters;Voltage control;Active power filter (APF);dc–ac converters;implicit control;sensorless control techniques}, 
doi={10.1109/TIE.2012.2196898}, 
ISSN={},}

@BOOK{Franklin-01, 
address={Piscataway, NJ},
author={Franklin, G. F. and Powell, J. D. and Workman, M.}, 
title={Digital Control of Dynamic Systems}, 
volume={3rd Ed.},
year={1998}, 
pages={850}, 
publisher={Ellis-Kagle Press},
ISBN={},}

@INPROCEEDINGS{Tuusa-02, 
address={Aachen, Germany},
author={Viitanen, T. and Tuusa, H.}, 
booktitle={35th Annu. Power Electron. Specialists Conf. (PESC)}, title={Experimental results of vector controlled and vector modulated VIENNA I rectifier}, 
year={2004}, 
month={}, 
volume={6}, 
number={}, 
pages={4637-4643},
publisher={IEEE}, 
keywords={ 10 kW; 5 kHz; 650 V; Motorola MPC555 microcontroller; digital control; switching frequency; three-level vector modulation method; total harmonic line current distortion; vector control system; vector controlled; vector modulated VIENNA I rectifier; digital control; harmonic distortion; microcontrollers; power engineering computing; power harmonic filters; rectifiers;}, 
doi={10.1109/PESC.2004.1354819}, 
ISSN={},}

@INPROCEEDINGS{Tuusa-01,
address={Acapulco, Mexico}, 
author={Viitanen, T. and Tuusa, H.}, 
booktitle={34th Annu. Power Electron. Specialists Conf. (PESC)}, title={Space vector modulation and control of a unidirectional three-phase/level/switch VIENNA I rectifier with LCL-type AC filter}, 
year={2003}, 
month={}, 
volume={3}, 
number={}, 
pages={1063-1068}, 
publisher={IEEE},
keywords={ 3.5 kHz; 50 kW; 650 V; DC link voltage; DC output power; LCL AC filter; PFC; THD; VIENNA I rectifier; active component loss; conventional L filter; delays; key equation; matlab Simulink simulation; passive component loss; power factor correction; principle modulation algorithm operation; rectifier current distortion; rectifier system; semiconductor device; simplorer simulation; space vector modulation; switching frequency; switching transients; theoretical analysis; total harmonic distortion; unidirectional three-phase level switch rectifier; vector control system; harmonic distortion; modulation; passive filters; power conversion harmonics; power factor correction; power semiconductor devices; rectifying circuits; switching convertors;}, 
doi={}, 
ISSN={},}

@ARTICLE{Heldwein-01, 
author={Heldwein, M. L. and Mussa, S. A. and Barbi, I.}, 
journal={IEEE Trans. Power Electron.}, 
title={Three-Phase Multilevel PWM Rectifiers Based on Conventional Bidirectional Converters}, 
year={2010}, 
month={}, 
volume={25}, 
number={3}, 
pages={545-549}, 
keywords={PWM rectifiers;power capacitors;power factor correction;power supply quality;boost-type pulsewidth modulation rectifiers;cascaded H-bridge converters;conventional bidirectional converters;flying capacitor;neutral point clamped;power factor corrector;power quality standards;three-phase multilevel PWM rectifiers;unidirectional topologies;AC–DC power conversion;circuit topology;converters;power electronics;pulsewidth modulated power converters}, 
doi={10.1109/TPEL.2009.2032365}, 
ISSN={},}