% Arrumar a seguintes séries: Teses

% Especiais
@ARTICLE{Blaschke, 
address={},
author={Blaschke, F.}, 
journal={Siemens Review}, title={The principles of field orientation as applied to the new TRANSVEKTOR closed-loop control system for rotating field machines}, 
year={1972}, 
month={}, 
volume={34}, 
number={}, 
pages={217-220}, 
publisher={},
ISSN={},}

@ARTICLE{Artigos-Clarke, 
author={Duesterhoeft, W. C. and Schulz, Max W. and Clarke, Edith}, 
journal={Trans. Amer. Inst. Elect. Engineers}, title={Determination of Instantaneous Currents and Voltages by Means of Alpha, Beta, and Zero Components}, 
year={1951}, 
month={}, 
volume={70}, 
number={2}, 
pages={1248-1255}, 
keywords={}, 
doi={10.1109/T-AIEE.1951.5060554}, 
ISSN={},}

@ARTICLE{Artigos-CustokW, 
author={Wise, R. and Bolinger, M. }, 
journal={U.S. Department of Energy Efficiency and Renewable Energy}, title={Annual Report on U.S. Wind Power Installation, Cost, and Performance Trends: 2006}, 
year={2007}, 
month={}, 
volume={}, 
number={}, 
pages={24}, 
keywords={}, 
doi={}, 
ISSN={},}

@ARTICLE{Artigos-Rotor, 
author={Briz, F. and Degner, M. W.}, 
journal={IEEE Ind. Electron. Mag.}, title={Rotor Position Estimation}, 
year={2011}, 
month={}, 
volume={5}, 
number={2}, 
pages={24-36}, 
keywords={PMSM;carrier-signal injection-based methods;high-frequency excitation sensorless control methods;induction;rotor position estimation;asynchronous machines;machine control;permanent magnet machines;rotors;}, 
doi={10.1109/MIE.2011.941118}, 
ISSN={},}

@ARTICLE{Artigos-Sensorless, 
author={Pacas, M.}, 
journal={IEEE Ind. Electron. Mag.}, title={Sensorless Drives in Industrial Applications}, 
year={2011}, 
month={}, 
volume={5}, 
number={2}, 
pages={16-23}, 
keywords={induction machine;industrial applications;injection sensorless control;motor drives;permanent magnet synchronous machine;sensorless drives;AC motor drives;induction motor drives;permanent magnet motors;sensorless machine control;synchronous motor drives;}, 
doi={10.1109/MIE.2011.941125}, 
ISSN={},}

@ARTICLE{Teses-09-01, 
address={Denmark},
author={Hansen, L. H. and Helle, L. and Blaabjerg, F. and Ritchie, E. and Munk-Nielsen, S. and Binder, H. and Sorensen, P. and Bak-Jensen B.}, 
journal={Riso Nat. Laboratory}, title={Conceptual Survey of Generators and Power Electronics for Wind Turbines}, 
year={2001}, 
month={}, 
volume={Riso-R-1250(EN)}, 
number={}, 
pages={108}, 
publisher={},
ISSN={},}

@book{Livros-Kovacs, 
address={Budapest},
author={Kovacs, K. P. and Racz I. and Kuzniarski M.}, 
title={Transiente Vorgänge in Wechselstrommachinen}, 
year={1959}, 
month={}, 
volume={}, 
number={}, 
pages={270}, 
publisher={Akademiai Kiado, Verein der Ungarischen Akademic der Wissenschaften},
ISSN={},}

@book{Livros-IVO, 
address={Florian\'opolis, SC, Brazil},
author={Barbi, I.}, 
title={Teoria Fundamental do Motor de Indu{\c c}\~ao}, 
year={1985}, 
pages={234}, 
publisher={Editora da UFSC/ELETROBR\'AS},
ISBN={},}

@INPROCEEDINGS{Artigos-Kolar-Y, 
address={Budapest, Hungary},
author={Kolar, J. W. and Ertl, H. and Zach, F. C.}, 
booktitle={6th Conf. Power Electronics and Motion Control (PEMC)}, title={Realization considerations for unidirectional three-phase PWM rectifier system with low effects on the mains}, 
year={1990}, 
month={}, 
volume={}, 
number={}, 
pages={}, 
publisher={},
ISSN={},}

@INPROCEEDINGS{Artigos-CELESC, 
address={Fortaleza, CE, Brazil},
author={Ortmann, M. S. and SOUZA, E. V. and TIBOLA, G. and COLLIER, D. A. F. and CALLEGARO, A. and  MUSSA, S. A. and HELDWEIN, M. L.}, 
booktitle={Congresso de Inova{\c c}\~ao Tecnol\'ogica em Energia El\'etrica (CITENEL)}, title={Interliga{\c c}\~ao de um Gerador E\'olico com a Rede El\'etrica}, 
year={2011}, 
month={}, 
volume={}, 
number={}, 
pages={}, 
publisher={},
ISSN={},}

@INPROCEEDINGS{Artigos-Alan, 
address={Natal-RN, Brazil},
author={Callegaro, A. D. and Ortmann, M. S. and Mussa, S. A. and Heldwein, M. L.}, 
booktitle={Congresso Brasileiro de Eletrônica de Potência (COBEP)}, title={Power Semiconductor Switching Losses Experimental Characterization System}, 
year={2011}, 
month={}, 
volume={}, 
number={}, 
pages={}, 
ISSN={},}

@INPROCEEDINGS{Artigos-Lange, 
address={Natal-RN, Brazil},
author={Lange, A. D. B. and Heldwein, M. L.}, 
booktitle={Congresso Brasileiro de Eletrônica de Potência (COBEP)}, title={Light load stability improvement for single-phase boost pfc rectifier using input current self-control technique}, 
year={2011}, 
month={}, 
volume={}, 
number={}, 
pages={}, 
ISSN={},}

@INPROCEEDINGS{PCIM, 
address={Shanghai, China},
author={Collier, D. A. F. and Maryama, V. and Heldwein, M. L.}, 
booktitle={Proc. of the Int. Exhibition Conf. Power Electron., Intelligent Motion and Power Quality (PCIM-Asia)}, title={{L}ow Conduction Losses PWM Rectifier for High Efficiency Wind Power Micro-Generation}, 
year={2011}, 
month={}, 
volume={}, 
number={}, 
pages={}, 
publisher={},
ISSN={},}

@INPROCEEDINGS{Artigos-08, 
address={Miami, FL},
author={Shrestha, G. and Polinder, H. and Ferreira, J. A.}, 
booktitle={IEEE Int. Electric Machines and Drives Conf. (IEMDC)}, title={Scaling laws for direct drive generators in wind turbines}, 
year={2009}, 
month={3-6}, 
volume={}, 
number={}, 
pages={797-803}, 
publisher={},
keywords={Zephyros;direct drive generators;electromagnetic material;finite element method;structural material;wind turbine;electric drives;electric generators;finite element analysis;wind turbines;}, 
doi={10.1109/IEMDC.2009.5075295}, 
ISSN={},}

@manual{Artigos-09, 
address={CRESESB},
organization={CRESESB},
author={Dutra, R.}, 
publisher={},
title={Energia E\'olica: Princ\'ipios e Tecnologia}, 
year={2003}, 
url={www.cresesb.cepel.br},
}
% Controle e Máquinas Elétricas
@ARTICLE{Artigos-01-Park, 
author={Park, R. H.}, 
journal={Trans. Amer. Inst. Elec. Engineers}, title={Two-reaction theory of synchronous machines generalized method of analysis-part I}, 
year={1929}, 
month=, 
volume={48}, 
number={3}, 
pages={716-727}, 
keywords={}, 
doi={10.1109/T-AIEE.1929.5055275}, 
ISSN={},}

@ARTICLE{Artigos-Park02, 
author={Park, R. H.}, 
journal={General Elec. Rev.}, title={Definition of an Ideal Synchronous Machine and Formula for the Armature Flux Linkages}, 
year={1928}, 
month=, 
volume={31}, 
number={}, 
pages={332-334}, 
keywords={}, 
doi={10.1109/T-AIEE.1929.5055275}, 
ISSN={},}

@ARTICLE{Artigos-01-47, 
author={Pillay, P. and Krishnan, R.}, 
journal={IEEE Trans. Ind. Electron.}, title={Modeling of permanent magnet motor drives}, 
year={1988}, 
month=, 
volume={35}, 
number={4}, 
pages={537-541}, 
keywords={abc equations;brushless DC motor;induction motor;mutual inductances;permanent magnet motor drives;rectangular stator currents;servo applications;sinusoidal back EMF;sinusoidal stator currents;synchronous motor;trapezoidal back EMF;DC motors;electric drives;permanent magnet motors;servomechanisms;synchronous motors;}, 
doi={10.1109/41.9176}, 
ISSN={},}

@ARTICLE{Artigos-01-48, 
author={Pillay, P. and Krishnan, R.}, 
journal={IEEE Trans. Ind. Appl.}, title={Modeling, simulation, and analysis of permanent-magnet motor drives. I. The permanent-magnet synchronous motor drive}, 
year={1989}, 
month=, 
volume={25}, 
number={2}, 
pages={265-273}, 
keywords={PMSM;PWM;hysteresis current controllers;inverter switches;motor torque pulsations;permanent-magnet synchronous motor drive;pulsewidth-modulation;speed controller;speed response;vector controller;electric drives;invertors;permanent magnet motors;pulse width modulation;synchronous motors;velocity control;}, 
doi={10.1109/28.25541}, 
ISSN={},}

@INPROCEEDINGS{Artigos-01-49, 
address={New Orleans, LA},
author={Urasaki, N. and Senjyu, T. and Uezato, K.}, 
booktitle={15th Annu. IEEE Applied Power Electron. Conf. and Expo. (APEC)}, title={An accurate modeling for permanent magnet synchronous motor drives }, 
year={2000}, 
month=, 
volume={1}, 
number={}, 
pages={387-392}, 
publisher={},
keywords={PMSM;copper loss;high efficiency drive control;iron loss;losses;mathematical model;measurement method;mechanical loss;permanent magnet synchronous motor drives;precise torque control;precise torque equation;stray loss;losses;machine control;machine theory;permanent magnet motors;synchronous motor drives;torque control;}, 
doi={10.1109/APEC.2000.826132}, 
ISSN={},}

@ARTICLE{Artigos-01-02, 
author={Chinchilla, M. and Arnaltes, S. and Burgos, J. C.}, 
journal={IEEE Trans. Energy Convers.},
title={Control of permanent magnet generators applied to variable-speed wind-energy systems connected to the grid}, 
year={2006}, 
month={}, 
volume={21}, 
number={1}, 
pages={130-135}, 
doi={10.1109/TEC.2005.853735}, 
ISSN={},}

@INPROCEEDINGS{Artigos-01-03, 
address={Osaka, Japan},
author={Nakamura, T. and Morimoto, S. and Sanada, M. and Takeda, Y.}, 
booktitle={Proc. of the Power Conversion Conf. (PCC)},
title={Optimum control of IPMSG for wind generation system},
year={2002}, 
month={}, 
volume={3}, 
number={},
pages={1435-1440}, 
publisher={},
doi={10.1109/PCC.2002.998184}, 
ISSN={},}

@INPROCEEDINGS{Artigos-01-06, 
address={Hong Kong, China},
author={Raju, A. B. and Fernandes, B. G. and Chatterjee, K.}, 
booktitle={Proc. of the First Int. Conf. Power Electron. Syst. and Applications}, 
title={A UPF power conditioner with maximum power point tracker for grid connected variable speed wind energy conversion system}, 
year={2004}, 
month={9-11}, 
volume={}, 
number={}, 
pages={107-112}, 
publisher={}, 
doi={}, 
ISSN={ },}

@ARTICLE{Artigos-01-07, 
author={Xibo Yuan and Fei Wang and Boroyevich, D. and Yongdong Li and Burgos, R.}, 
journal={IEEE Trans. Power Electron.}, title={DC-link Voltage Control of a Full Power Converter for Wind Generator Operating in Weak-Grid Systems}, 
year={2009}, 
month={}, 
volume={24}, 
number={9}, 
pages={2178-2192}, 
keywords={DC-link voltage control;DSP;energy storage;field-programmable-gate-array;frequency regulation;generator-side power converter;grid voltage regulation;hybrid adaptive control algorithm;load power variation;mechanical system inertia;optimal generator acceleration;permanent-magnet wind generator;power 1 kW;power 1.5 MW;voltage-source converter;weak-grid systems;adaptive control;angular velocity control;energy storage;frequency control;machine control;permanent magnet generators;power convertors;power generation control;power grids;voltage control;wind power plants;}, 
doi={10.1109/TPEL.2009.2022082}, 
ISSN={},}

@ARTICLE{Artigos-01-08, 
author={Casadei, D. and Profumo, F. and Serra, G. and Tani, A.}, 
journal={IEEE Trans. Power Electron.}, title={FOC and DTC: two viable schemes for induction motors torque control}, 
year={2002}, 
month={}, 
volume={17}, 
number={5}, 
pages={779-787}, 
keywords={ current ripple; digital signal processor; direct field oriented control; direct torque control; discrete space vector modulation; induction motors torque control; industrial standards; numerical simulations; pulse-width modulation; torque command step variations; torque ripple; transient response; induction motor drives; machine vector control; torque control; transient response;}, 
doi={10.1109/TPEL.2002.802183}, 
ISSN={},}

@INPROCEEDINGS{Artigos-01-10, 
address={Athens, Greece},
author={Robles, E. and Aguirre, U. and Villate, J. L. and Gabiola, I. and Apinaniz, S.}, 
booktitle={European Wind Energy Conference \& Exhibition.}, title={Analysis of Control Strategies of a Full Converter in a Direct Drive Wind Turbine}, 
year={2006}, 
month={}, 
volume={ }, 
number={ }, 
pages={ }, 
publisher={},
keywords={ }, 
doi={ }, 
ISSN={ },}

@ARTICLE{Artigos-01-12, 
author={Shao Zhang and King-Jet Tseng and Vilathgamuwa, D. M. and Nguyen, T. D. and Xiao-Yu Wang}, 
journal={IEEE Trans. Ind. Electron.}, title={Design of a Robust Grid Interface System for PMSG-Based Wind Turbine Generators}, 
year={2011}, 
month={}, 
volume={58}, 
number={1}, 
pages={316-328}, 
keywords={PMSG control method;PMSG-based wind turbine generators;Z-source network operation;active power control;generator side three switch buck-type rectifier;generator-side converter;grid side Z source inverter;maximum power point tracking;permanent magnet synchronous generator;reactive power control;robust grid interface system;rotor flux orientation control;space vector modulation;unity power factor control;voltage oriented control;invertors;maximum power point trackers;permanent magnet generators;power factor correction;power grids;reactive power control;rotors;synchronous generators;wind turbines;}, 
doi={10.1109/TIE.2010.2044737}, 
ISSN={},}

@INPROCEEDINGS{Artigos-01-13, 
address={Wuhan, China},
author={Yao Weizheng and Kinglon Woo and Zhao Ruijie and Guo Wei and Wang Yue}, 
booktitle={IEEE 6th Int. Power Electron. and Motion Control Conf. (IPEMC)}, title={Analyze of current control strategy based on vector control for Permanent-Magnet Synchronous Generator in wind power system}, 
year={2009}, 
month={may}, 
volume={}, 
number={}, 
pages={2209-2212}, 
publisher={},
keywords={current control;direct power control;direct torque control;generator side converter control;maximum power point track;permanent-magnet synchronous generator;unit power factor control method;vector control;wind power system;electric current control;permanent magnet generators;power factor;power generation control;synchronous generators;torque control;wind power plants;}, 
doi={10.1109/IPEMC.2009.5157769}, 
ISSN={},}

@INPROCEEDINGS{Artigos-01-14, 
address={Barcelona, Spain},
author={Gonzalez, L. G. and Figueres, E. and Garcera, G. and Carranza, O.}, 
booktitle={13th European Conf. Power Electron. and Applicat. (EPE)}, title={Modelling and control in Wind Energy Conversion Systems (WECS)}, 
year={2009}, 
month={8-10}, 
volume={}, 
number={}, 
pages={1-9}, 
publisher={},
keywords={back to back power converter topology;constant power;maximum power point tracking;permanent magnet synchronous generator;speed control loop;torque control;variable structure control scheme;wind energy conversion system control;wind turbine;angular velocity control;direct energy conversion;machine control;permanent magnet generators;power convertors;synchronous generators;torque control;variable structure systems;wind turbines;}, 
doi={}, 
ISSN={},}

@ARTICLE{Artigos-01-15, 
author={Morimoto, S. and Takeda, Y. and Hirasa, T.}, 
journal={IEEE Trans. Power Electron.}, title={Current phase control methods for permanent magnet synchronous motors}, 
year={1990}, 
month={}, 
volume={5}, 
number={2}, 
pages={133-139}, 
keywords={armature current;computer simulation;constant-flux-linkage control method;current phase control method;current phase control methods;interior magnet motor;permanent magnet synchronous motors;rotor geometry;surface magnet motor;torque control;digital simulation;electric current control;electric machine analysis computing;machine control;permanent magnet motors;phase control;synchronous motors;}, 
doi={10.1109/63.53150}, 
ISSN={},}

@INPROCEEDINGS{Artigos-01-16, 
address={Miami, FL},
author={Neam, M. M. and El-Sousy, F. and Ghazy, M. A. and Abo-Adma, M. A.}, 
booktitle={IEEE Int. Electric Machines and Drives Conf. (IEMDC)} , title={DC-cus voltage control of three-phase ac/dc PWM converters for renewable energy applications}, 
year={2009}, 
month={3-6}, 
volume={}, 
number={}, 
pages={1682-1691}, 
publisher={},
keywords={AC-DC converter;DC-bus voltage control;PWM current control technique;closed-loop control;nonlinear control;proportional integral controller;three-phase voltage-source converter;vector-controlled pulse-width modulation converter;wind energy conversion system;wind-powered self-excited induction generator;AC-DC power convertors;PI control;PWM power convertors;asynchronous generators;closed loop systems;electric current control;machine vector control;nonlinear control systems;power generation control;switching convertors;voltage control;wind power plants;}, 
doi={10.1109/IEMDC.2009.5075430}, 
ISSN={},}

@INPROCEEDINGS{Artigos-01-17, 
address={Nanjing, China},
author={Zhu, Z. Q. and Liu, Y. and Howe, D.}, 
booktitle={Proc. 8th Int. Conf. Elect. Machines and Syst. (ICEMS)}, title={Comparison of Performance of Brushless DC Drives under Direct Torque Control and PWM Current Control}, 
year={2005}, 
month={29-29}, 
volume={2}, 
number={}, 
pages={1486-1491}, 
publisher={},
keywords={PWM current control;brushless DC drive;current shaping;direct torque control;induction machine drive;permanent magnet brushless AC drive;torque ripple;DC motor drives;brushless DC motors;machine control;torque control;}, 
doi={10.1109/ICEMS.2005.202797}, 
ISSN={},}

@INPROCEEDINGS{Artigos-01-18, 
address={Barcelona, Spain},
author={Orlando, N. A. and Liserre, M. and Dell' Aquila, A.}, 
booktitle={13th European Conf. Power Electron. and Applicat. (EPE)}, title={Management of power excess in wind turbine system}, 
year={2009}, 
month={8-10}, 
volume={}, 
number={}, 
pages={1-10}, 
publisher={},
keywords={PMSG;aerodynamic power;back-to-back converter;blade pitch control;braking chopper;fixed speed turbines;permanent magnet synchronous generator;power excess management;variable speed wind turbine generators;wind turbine system;permanent magnet generators;power generation control;synchronous generators;wind turbines;}, 
doi={}, 
ISSN={},}

@INPROCEEDINGS{Artigos-01-19, 
address={Poznan, Poland},
author={Inoue, Y. and Morimoto, S. and Sanada, M.}, 
booktitle={IEEE 13th Int. Power Electron. and Motion Control Conf. (IPEMC)}, title={Output maximization using direct torque control for sensorless variable wind generation system employing IPMSG}, 
year={2008}, 
month={1-3}, 
volume={}, 
number={}, 
pages={1859-1865},
publisher={}, 
keywords={IPMSG;MPPT control;current control;direct torque control;interior permanent magnet synchronous generator;position sensorless control;sensorless variable-speed wind generation system;speed control;angular velocity control;electric current control;machine control;permanent magnet generators;position control;power generation control;synchronous generators;torque control;wind power plants;}, 
doi={10.1109/EPEPEMC.2008.4635536}, 
ISSN={},}

@INPROCEEDINGS{Artigos-11-01, 
address={San Francisco, CA},
author={Esmaili, R. and Xu, L. and Nichols, D. K.}, 
booktitle={IEEE Power Eng. Soc. General Meeting}, title={A new control method of permanent magnet generator for maximum power tracking in wind turbine application}, 
year={2005}, 
month={}, 
volume={3}, 
number={}, 
pages={2090-2095}, 
keywords={ current regulated PWM voltage source inverter; fixed dc-link; low harmonic distortion; maximum power tracking; permanent magnet generator; step-up dc-dc converter; three-phase rectifier; variable speed wind turbine; DC-DC power convertors; PWM invertors; angular velocity control; electric current control; machine control; permanent magnet generators; power control; power generation control; rectifying circuits; wind turbines;}, 
doi={10.1109/PES.2005.1489319}, 
ISSN={ },}

@INPROCEEDINGS{Artigos-11-02, 
address={Cambridge, MA},
author={Schiemenz, I. and Stiebler, M.}, 
booktitle={IEEE Int. Electric Machines and Drives Conf. (IEMDC)}, title={Control of a permanent magnet synchronous generator used in a variable speed wind energy system}, 
year={2001}, 
month={}, 
volume={}, 
number={}, 
pages={872-877}, 
publisher={},
keywords={generator side inverter;intermediate voltage circuit;losses minimisation;optimal working point;permanent magnet synchronous generator control;self-commutated converter;stall controlled wind energy converter;variable speed mode;variable speed wind energy system;wind turbine speed control;angular velocity control;commutation;invertors;losses;machine control;permanent magnet generators;synchronous generators;variable speed gear;wind turbines;}, 
doi={10.1109/IEMDC.2001.939422}, 
ISSN={},}

%%%%%%%%%% Geração Eólica
@INPROCEEDINGS{Artigos-04-02, 
address={Pusan, South Korea},
author={Blaabjerg, F. and Teodorescu, R. and Chen, Z. and Liserre, M.}, 
booktitle={Plenary Session Paper per l'ICPE}, title={Power Converters and Control of Renewable Energy Systems}, 
year={2004}, 
month={}, 
volume={}, 
number={}, 
pages={}, 
publisher={},
doi={}, 
ISSN={},}

@ARTICLE{Artigos-04-06, 
author={Hey, H. L. and Marques, J. and Pinheiro, H. and Grundling, H. A. and Pinheiro, J. R.}, 
journal={Congresso Brasileiro de Eletrônica de Potência (COBEP)}, title={ A Survey on Variable-Speed Wind Turbine System}, 
year={2003}, 
month={}, 
volume={1}, 
number={}, 
pages={732-738}, 
keywords={}, 
doi={}, 
ISSN={},}

@ARTICLE{Artigos-04-07, 
author={Polinder, H. and van der Pijl, F. F. A. and de Vilder, G. J. and Tavner, P. J.}, 
journal={IEEE Trans. Energy Convers.}, title={Comparison of direct-drive and geared generator concepts for wind turbines}, 
year={2006}, 
month={}, 
volume={21}, 
number={3}, 
pages={725-733}, 
keywords={direct-drive permanent magnet generator;direct-drive synchronous generators;doubly-fed induction generators;electrical excitation;geared generator concepts;single-stage gearbox;three-stage gearbox;wind turbines;permanent magnet generators;synchronous generators;synchronous motor drives;wind turbines;}, 
doi={10.1109/TEC.2006.875476}, 
ISSN={},}

@INPROCEEDINGS{Artigos-04-11, 
address={Chicago, IL},
author={Yi Zhang and Ula, S.}, 
booktitle={IEEE Transmission and Distribution Conf. and Exposition (PES)}, title={Comparison and evaluation of three main types of wind turbines}, 
year={2008}, 
month={}, 
volume={}, 
number={}, 
pages={1-6}, 
publisher={},
keywords={power systems;three-phase fault;transmission line;wind turbines;power transmission faults;wind turbines;}, 
doi={10.1109/TDC.2008.4517282}, 
ISSN={},}

@INPROCEEDINGS{Artigos-04-14, 
address={Paris, France},	
author={Carrasco, J. M. and Galvan, E. and Portillo, R. and Franquelo, L. G. and Bialasiewicz, J. T.}, 
booktitle={IEEE 32nd Ann. Conf. Ind. Electron., Control and Instrumentation (IECON)},
title={Power Electronic Systems for the Grid Integration of Wind Turbines}, 
year={2006}, 
month={}, 
volume={}, 
number={}, 
pages={4182-4188}, 
publisher={},
keywords={central power stations;grid integration;power electronic systems;power electronics interface;power system operation;wind power generation;wind turbines;power electronics;power grids;wind power plants;wind turbines;}, 
doi={10.1109/IECON.2006.347922}, 
ISSN={},}

@INPROCEEDINGS{Artigos-04-15, 
address={San Antonio, TX},
author={Baroudi, J. A. and Dinavahi, V. and Knight, A. M.}, 
booktitle={IEEE Int. Conf. Electric Machines and Drives}, title={A review of power converter topologies for wind generators}, 
year={2005}, 
month={}, 
volume={}, 
number={}, 
pages={458-465}, 
publisher={},
keywords={control complexity;doubly fed induction generators;generator-converter combinations;generator-converter configuration;induction generators;permanent magnet generators;power consumption;power converter topologies;power electronics;renewable energy sources;synchronous generators;wind energy conversion systems;wind energy extraction;wind generators;wind turbine systems;asynchronous generators;direct energy conversion;network topology;permanent magnet generators;power convertors;synchronous generators;wind turbines;}, 
doi={10.1109/IEMDC.2005.195763}, 
ISBN={},}

@ARTICLE{Artigos-04-16, 
author={Zhe Chen and Guerrero, J. M. and Blaabjerg, F.}, 
journal={IEEE Trans. Power Electron.}, title={A Review of the State of the Art of Power Electronics for Wind Turbines}, 
year={2009}, 
month={}, 
volume={24}, 
number={8}, 
pages={1859-1875}, 
keywords={electrical topologies;grid connection;power electronic converters;wind energy system;wind farms;wind turbines;power convertors;power electronics;power grids;wind power plants;wind turbines;}, 
doi={10.1109/TPEL.2009.2017082}, 
ISSN={},}

@ARTICLE{Artigos-04-20, 
author={Li, H. and Chen, Z.}, 
journal={Renewable Power Generation (IET)}, title={Overview of different wind generator systems and their comparisons}, 
year={2008}, 
month=, 
volume={2}, 
number={2}, 
pages={123-138}, 
keywords={grid utility company;wind energy conversion;wind farms;wind generator systems;wind power technology;wind turbine;power grids;wind power;wind turbines;}, 
doi={10.1049/iet-rpg:20070044}, 
ISSN={	},}

@INPROCEEDINGS{Artigos-04-21,
address={Lincoln, NE},
author={Iov, F. and Blaabjerg, F.}, 
booktitle={Power Electronics and Machines in Wind Applications, 2009. PEMWA 2009. IEEE}, title={Power electronics and control for wind power systems}, 
year={2009}, 
month={}, 
volume={}, 
number={}, 
pages={1-16}, 
publisher={},
keywords={energy deregulation;fossil-based energy sources;global electrical energy consumption;investment;power electronics;power generation;power plants;power transmission-distribution;renewable energy resources;the electrical power production sources;wind energy;wind power system control;power electronics;power generation control;wind power plants;}, 
doi={10.1109/PEMWA.2009.5208339}, 
ISBN={},}

@INPROCEEDINGS{Artigos-04-22,
address={Lisbon, Portugal},
author={Iov, F. and Blaabjerg, F.}, 
booktitle={Int. Conf. Power Eng., Energy and Elect. Drives (POWERENG)}, title={Power electronics for renewable energy systems}, 
year={2009}, 
month={}, 
volume={}, 
number={}, 
pages={9-12},
publisher={}, 
keywords={electrical energy consumption;electrical power production sources;energy deregulation;photovoltaics;power capacity;power distribution;power electronics;power generation;power plants;power transmission;renewable energy systems;wind energy;energy consumption;power electronics;power plants;renewable energy sources;}, 
doi={10.1109/POWERENG.2009.4915139}, 
ISBN={},}

@ARTICLE{Artigos-04-23, 
author={McMillan, D. and Ault, G. W.}, 
journal={IEEE Trans. Energy Convers.}, title={Techno-Economic Comparison of Operational Aspects for Direct Drive and Gearbox-Driven Wind Turbines}, 
year={2010}, 
month={}, 
volume={25}, 
number={1}, 
pages={191-198}, 
keywords={Danish concept design;direct drive wind turbines;electrical generator;gearbox-driven wind turbines;wind turbines;}, 
doi={10.1109/TEC.2009.2032596}, 
ISSN={},}

@ARTICLE{Artigos-04-29, 
author={Pao, L. Y. and Johnson, K.}, 
journal={IEEE Control Sys. Mag.}, title={Control of Wind Turbines: Approaches, Challenges, and Recent Developments}, 
year={2011}, 
month={}, 
volume={5}, 
number={2}, 
pages={16-23}, 
keywords={induction machine;industrial applications;injection sensorless control;motor drives;permanent magnet synchronous machine;sensorless drives;AC motor drives;induction motor drives;permanent magnet motors;sensorless machine control;synchronous motor drives;}, 
doi={10.1109/MIE.2011.941125}, 
ISSN={},}

@ARTICLE{Artigos-04-30, 
author={Liserre, M. and C\'ardenas, R. and Molinas, M. and Rodriguez, J.}, 
journal={IEEE Trans. Ind. Electron.}, title={Overview of Multi-MW Wind Turbines and Wind Parks}, 
year={2011}, 
month={}, 
volume={58}, 
number={4}, 
pages={1081-1095}, 
keywords={generator control;grid connection;power converters;renewable-energy systems;wind parks;wind turbines;power convertors;wind turbines;}, 
doi={10.1109/TIE.2010.2103910}, 
ISSN={},}

@INPROCEEDINGS{Artigos-04-31, 
address={Phoenix, AZ},
author={Blaabjerg, F. and Liserre, M. and Ma., K.}, 
booktitle={IEEE Energy Conversion Congr. Exposition (ECCE)}, title={Power Electronics for Wind Turbine Systems}, 
year={2011}, 
month={}, 
volume={}, 
number={}, 
pages={281-290}, 
keywords={autonormalizing PLL;autonormalizing phase-locked loop;control signal amplitude;grid voltage;grid-connected converters;power electronic devices;synchronization algorithm;phase locked loops;power convertors;power grids;synchronisation;}, 
doi={10.1109/ECCE.2009.5316513}, 
ISSN={},}

@ARTICLE{Artigos-01-35, 
address={Jeju, South Korea},
author={Wei Li and Abbey, C. and Joos, G.}, 
booktitle={37th Annu. IEEE Power Electron. Specialists Conf. (PESC)}, title={Control and Performance of Wind Turbine Generators based on Permanent Magnet Synchronous Machines Feeding a Diode Rectifier}, 
year={2006}, 
month={18-22}, 
volume={}, 
number={}, 
pages={1-6}, 
publisher={},
keywords={IGBT back-to-back converter;diode-rectifier converter;grid connection;maximum power point tracking;parameter sensitivity;permanent magnet synchronous machines;power control;speed control;three-phase to ground short circuit;wind turbine generators;angular velocity control;diodes;permanent magnet machines;power control;power convertors;power generation control;power grids;power system interconnection;rectifying circuits;turbogenerators;wind turbines;}, 
doi={10.1109/PESC.2006.1711746}, 
ISSN={},}

@INPROCEEDINGS{Artigos-01-36, 
address={Tampa, FL},
author={Ming Yin and Gengyin Li and Ming Zhou and Chengyong Zhao}, 
booktitle={IEEE Power Eng. Soc. General Meeting}, title={Modeling of the Wind Turbine with a Permanent Magnet Synchronous Generator for Integration}, 
year={2007}, 
month={24-28}, 
volume={}, 
number={}, 
pages={1-6}, 
publisher={},
keywords={MATLAB/Simulink software;PMSG model;dq-synchronous rotating reference frame;drive train model;dynamic model;field orientation;one-mass model;permanent magnet synchronous generator;pitch angle control;rotational speed control;speed control;variable speed pitch wind turbine modeling;angular velocity control;machine vector control;permanent magnet generators;power generation control;synchronous generators;variable speed gear;wind turbines;}, 
doi={10.1109/PES.2007.385982}, 
ISSN={},}

@INPROCEEDINGS{Artigos-01-37,
address={Seoul, South Korea}, 
author={Rolan, A. and Luna, A. and Vazquez, G. and Aguilar, D. and Azevedo, G.}, 
booktitle={IEEE Int. Symp. Ind. Electron. (ISIE)}, title={Modeling of a variable speed wind turbine with a Permanent Magnet Synchronous Generator}, 
year={2009}, 
month={5-8}, 
volume={}, 
number={}, 
pages={734-739},
publisher={}, 
keywords={MATLAB-Simulink interface;WTGS;doubly-fed induction generator;drive train;generator rotor speed;instantaneous wind speed;maximum power point tracking;multipole permanent magnet synchronous generator;nacelle;variable speed generator;variable speed wind turbine;wind turbine generator system;permanent magnet generators;rotors;synchronous generators;wind turbines;}, 
doi={10.1109/ISIE.2009.5218120}, 
ISSN={},}

@ARTICLE{Artigos-01-30, 
author={Santisteban, J. A. and Stephan, R. M.}, 
journal={IEEE Trans. Edu.}, title={Vector control methods for induction machines: an overview}, 
year={2001}, 
month={}, 
volume={44}, 
number={2}, 
pages={170-175}, 
keywords={Takahashi method;classification;comparison;control simulation;direct self control;field acceleration method;field-oriented control;induction machines;students;universal field orientation;vector control methods;asynchronous machines;control system analysis;machine theory;machine vector control;}, 
doi={10.1109/13.925828}, 
ISSN={},}

@ARTICLE{Artigos-01-31, 
author={Boldea, I.}, 
journal={IEEE Ind. Electron. Mag.}, title={Control issues in adjustable speed drives}, 
year={2008}, 
month={}, 
volume={2}, 
number={3}, 
pages={32-50}, 
keywords={ASD;adjustable speed drives;linear motor drives control;motion sensorless control;three phase ac motor control;variable speed ac generator control;wide constant power speed control;AC motor drives;machine control;}, 
doi={10.1109/MIE.2008.928605}, 
ISSN={},}

@INPROCEEDINGS{Artigos-01-43, 
address={Miami, FL},
author={Moncada, R. H. and Rodriguez, R. A. and Tapia, J. A. and Jahns, T. M.}, 
booktitle={IEEE Int. Electric Machines and Drives Conf. (IEMDC)}, title={Axial flux permanent-magnet machine under optimum control strategy for wind power generation}, 
year={2009}, 
month=, 
volume={}, 
number={}, 
pages={1065-1071}, 
publisher={},
keywords={axial flux permanent-magnet machine;electrical system;field weakening control;maximum power point tracking strategy;optimum control strategy;stator current;wind power generation;wind speed measurement;electric current control;permanent magnet machines;power generation control;velocity measurement;wind power plants;}, 
doi={10.1109/IEMDC.2009.5075336}, 
ISSN={},}

@ARTICLE{Artigos-03-04, 
author={Kazmierkowski, M. P. and Malesani, L.}, 
journal={IEEE Trans. Ind. Electron.}, title={Current control techniques for three-phase voltage-source PWM converters: a survey}, 
year={1998}, 
month={}, 
volume={45}, 
number={5}, 
pages={691-703}, 
keywords={AC motor drive;bang-bang controllers;constant switching frequency;current control techniques;delta modulation controllers;fuzzy-logic-based controllers;hysteresis controllers;invertors;neural networks;on-line optimization;oscillograms;power filters;predictive controllers;proportional integral controllers;state feedback controllers;stationary controllers;switch-mode rectifiers;synchronous controllers;three-phase voltage-source PWM converters;PWM power convertors;bang-bang control;delta modulation;electric current control;fuzzy control;neurocontrollers;nonlinear control systems;predictive control;state feedback;switching circuits;two-term control;}, 
doi={10.1109/41.720325}, 
ISSN={},}

% -> Geração Eólica: Conversores Multiníveis
@ARTICLE{Artigos-03-05, 
author={Jun Li and Bhattacharya, S. and Huang, A. Q.}, 
journal={IEEE Trans. Power Electron.}, title={A New Nine-Level Active NPC (ANPC) Converter for Grid Connection of Large Wind Turbines for Distributed Generation}, 
year={2011}, 
month={}, 
volume={26}, 
number={3}, 
pages={961 -972}, 
keywords={distributed generation;fllterless grid-connected WT system;floating capacitor voltage control;large wind turbine;nine-level active neutral-point-clamped converter;passive grid filter;power 6 MW;renewable energy technology;semiconductor device selection;waveform quality;wind power;distributed power generation;passive filters;power convertors;power grids;voltage control;wind turbines;}, 
doi={10.1109/TPEL.2010.2093154}, 
ISSN={},}

@INPROCEEDINGS{Artigos-03-07,
address={Porto, Portutal},
author={Vilathgamuwa, D. M. and Jayasinghe, S. D. G. and Madawala, U. K.}, 
booktitle={IEEE 35th Ann. Conf. Ind. Electron., Control and Instrumentation (IECON)}, title={Space vector modulated cascade multi-level inverter for PMSG wind generation systems}, 
year={2009}, 
month={}, 
volume={}, 
number={}, 
pages={4600-4605}, 
publisher={},
keywords={DC link capacitor voltage;PMSG wind generation systems;cascade multilevel inverter;high frequency conditioning inverter;low power conditioning inverter;maximum power tracking controller;neutral point potential balancing;permanent magnet synchronous generator;redundant state selection;space vector modulation;electric power generation;invertors;maximum power point trackers;permanent magnet generators;synchronous generators;wind power plants;}, 
doi={10.1109/IECON.2009.5414862}, 
ISSN={},}

@INPROCEEDINGS{Artigos-03-08, 
author={Cichowlas, M. and Kamierkowski, M. P.}, 
booktitle={IEEE Int. Symp. Ind. Electron. (ISIE)}, title={Comparison of current control techniques for PWM rectifiers}, 
year={2002}, 
month={}, 
volume={4}, 
number={}, 
pages={1259-1263}, 
keywords={ artificial neural network; current control techniques; industrial applications; on-line trained ANN current controller; resonant controller; synchronous PI current controller; three phase PWM rectifiers; voltage oriented control; PWM power convertors; electric current control; neurocontrollers; rectifying circuits; two-term control;}, 
doi={10.1109/ISIE.2002.1025970}, 
ISSN={},}


@INPROCEEDINGS{Artigos-03-09, 
author={Neacsu, D.O.}, 
booktitle={IEEE Int. Symp. Ind. Electron. (ISIE)}, title={Vectorial current control techniques for three-phase AC/DC boost converters}, 
year={1999}, 
month={}, 
volume={2}, 
number={}, 
pages={527-532}, 
keywords={PI controllers;PWM;control design;control simulation;fast current dynamics;step-down current reference;synchronous reference frame hysteresis control;three-phase AC/DC boost converters;vectorial current control techniques;AC-DC power convertors;PWM power convertors;control system analysis;control system synthesis;electric current control;rectifying circuits;two-term control;}, 
doi={10.1109/ISIE.1999.798667}, 
ISSN={},}

@ARTICLE{Artigos-03-10, 
author={Heldwein, M. L. and Mussa, S. A. and Barbi, I.}, 
journal={IEEE Trans. Power Electron.}, title={Three-Phase Multilevel PWM Rectifiers Based on Conventional Bidirectional Converters}, 
year={2010}, 
month={}, 
volume={25}, 
number={3}, 
pages={545-549}, 
keywords={boost-type pulsewidth modulation rectifiers;cascaded H-bridge converters;conventional bidirectional converters;flying capacitor;neutral point clamped;power factor corrector;power quality standards;three-phase multilevel PWM rectifiers;unidirectional topologies;PWM rectifiers;power capacitors;power factor correction;power supply quality;}, 
doi={10.1109/TPEL.2009.2032365}, 
ISSN={},}

@INPROCEEDINGS{Artigos-03-23,
address={Dallas, TX},
author={Miller, S. K. T. and Sun, J.},
booktitle={21th Annu. IEEE Applied Power Electron. Conf. and Expo. (APEC)}, title={Comparative study of three-phase PWM rectifiers for wind energy conversion},
year={2006},
month={},
volume={},
number={},
pages={937-943},
keywords={bidirectional switch;common-mode voltage;permanent-magnet synchronous generator;power conditioning;three-phase PWM rectifier;three-phase diode bridge;voltage-sourced converter;wind energy conversion;PWM rectifiers;permanent magnet generators;power convertors;wind power;},
doi={10.1109/APEC.2006.1620651},
ISSN={},}

@INPROCEEDINGS{Artigos-03-25,
address={Budapest, Hungary},
author={Kolar, J. W. and Ertl, H. and Zach, F. C.},
booktitle={6th Int. Conf. Power Electron. and Motion Control (PEMC)}, title={Realization Considerations for Unidirectional Three-Phase PWM Rectifier Systems with Low Effects on the Mains},
year={1990},
month={},
volume={},
number={},
pages={},
ISSN={},}

@INPROCEEDINGS{Artigos-03-34, 
address={Niigata, Japan},
author={Drofenik, U. and Kolar, J. W.}, 
journal={Proc. of the Int. Power Electron. Conf. (IPEC)}, title={A General Scheme for Calculating Switching and Conduction Losses of Power Semiconductors in Numerical Circuit Simulations of Power Electronic Systems}, 
year={2005}, 
month={}, 
volume={}, 
number={}, 
pages={4-8}, 
publisher={~},
ISSN={},}
 
@ARTICLE{Artigos-03-29, 
author={Bernet, S.}, 
journal={IEEE Trans. Power Electron.}, title={Recent developments of high power converters for industry and traction applications}, 
year={2000}, 
month={}, 
volume={15}, 
number={6}, 
pages={1102-1117}, 
keywords={1.14 MVA;6 MVA;AC mains;DC mains;IGBT;IGCT;PWM voltage source converters;active front end;high power PWM converters;high power converters;high voltage insulated gate bipolar transistors;industry applications;integrated gate commutated thyristors;loss simulations;medium voltage drives;power semiconductors;pulse width modulation voltage source converters;three-level neutral point clamped voltage source converter;traction applications;traction converters;two level voltage source inverter;MOS-controlled thyristors;PWM power convertors;insulated gate bipolar transistors;traction;}, 
doi={10.1109/63.892825}, 
ISSN={},}

@ARTICLE{Artigos-03-30, 
author={Thounthong, P. and Davat, B. and Rael, S. and Sethakul, P.}, 
journal={IEEE Ind. Electron. Mag.}, title={Fuel cell high-power applications}, 
year={2009}, 
month={}, 
volume={3}, 
number={1}, 
pages={32-46}, 
keywords={clean energy conversion technology;electrical characteristics;fuel cell high-power applications;fuel cells;high-power applications;high-power dc distributed power systems;interleaving algorithm;parallel converter modules;power electronic requirements;power-conditioning systems;step-up DC/DC converters;DC-DC power convertors;direct energy conversion;distributed power generation;fuel cells;reviews;}, 
doi={10.1109/MIE.2008.930365}, 
ISSN={},}
 
@ARTICLE{Artigos-11-14, 
author={Barakati, S. M. and Kazerani, M. and Aplevich, J. D.}, 
journal={IEEE Trans. Energy Convers.}, title={Maximum Power Tracking Control for a Wind Turbine System Including a Matrix Converter}, 
year={2009}, 
month={}, 
volume={24}, 
number={3}, 
pages={705-713}, 
keywords={matrix converter;maximum power tracking control;maximum wind power extraction;squirrel-cage induction generator;wind energy conversion system;wind turbine system;asynchronous generators;matrix convertors;power conversion;wind turbines;}, 
doi={10.1109/TEC.2008.2005316}, 
ISSN={},}

@INPROCEEDINGS{Artigos-11-16, 
address={Palm Springs, CA},
author={Pahlevaninezhad, M. and Eren, S. and Bakhshai, A. and Jain, P.}, 
booktitle={25th Annu. IEEE Applied Power Electron. Conf. and Expo. (APEC)}, title={Maximum power point tracking of a Wind Energy Conversion System using adaptive nonlinear approach}, 
year={2010}, 
month={}, 
volume={}, 
number={}, 
pages={149-154}, 
publisher={},
keywords={PMSG;WECS;adaptive nonlinear approach;matrix converter;maximum power point tracking;mechanical power;nonlinear adaptive backstepping;performance analysis;permanent magnet synchronous generator;wind energy conversion system;wind turbine;wind velocity;adaptive control;angular velocity control;matrix convertors;maximum power point trackers;nonlinear control systems;permanent magnet generators;synchronous generators;voltage control;wind power plants;wind turbines;}, 
doi={10.1109/APEC.2010.5433677}, 
ISSN={},}

@ARTICLE{Artigos-11-22, 
author={Agarwal, V. and Aggarwal, R. K. and Patidar, P. and Patki, C.}, 
journal={IEEE Trans. Energy Convers.}, title={A Novel Scheme for Rapid Tracking of Maximum Power Point in Wind Energy Generation Systems}, 
year={2010}, 
month={}, 
volume={25}, 
number={1}, 
pages={228-236}, 
keywords={Venturini;grid-connected;maximum power point tracking;rapid tracking;space-vector-modulation;wind energy generation systems;matrix convertors;power grids;wind power;}, 
doi={10.1109/TEC.2009.2032613}, 
ISSN={},}

@ARTICLE{Artigos-11-23, 
author={Ching-Tsai Pan and Yu-Ling Juan}, 
journal={IEEE Trans. Energy Convers.}, title={A Novel Sensorless MPPT Controller for a High-Efficiency Microscale Wind Power Generation System}, 
year={2010}, 
month={}, 
volume={25}, 
number={1}, 
pages={207-216}, 
keywords={AC-DC convertors;adaptive compensation control;dynamic response;maximum power point tracking;microscale wind power generation system;quasi-synchronous rectification;sensorless MPPT controller;total harmonic distortion;AC-DC power convertors;adaptive control;dynamic response;harmonic distortion;maximum power point trackers;power generation control;power system harmonics;wind power plants;}, 
doi={10.1109/TEC.2009.2032604}, 
ISSN={},}

@ARTICLE{Artigos-11-24, 
author={Tan, K. and Islam, S.}, 
journal={IEEE Trans. Energy Convers.}, title={Optimum control strategies in energy conversion of PMSG wind turbine system without mechanical sensors}, 
year={2004}, 
month={}, 
volume={19}, 
number={2}, 
pages={392-399}, 
keywords={ Matlab Simulink software; control strategy; grid connected systems; mechanical sensors; permanent magnet synchronous generator; power tracking; wind energy conversion system; wind turbine system; control engineering computing; direct energy conversion; permanent magnet generators; power generation control; power system interconnection; power system simulation; synchronous generators; wind power; wind turbines;}, 
doi={10.1109/TEC.2004.827038}, 
ISSN={},}

@INPROCEEDINGS{Artigos-11-25,
address={Orlando, FL },
author={Srighakollapu, N. and Sensarma, P. S.}, 
booktitle={IEEE 34th Ann. Conf. Ind. Electron., Control and Instrumentation (IECON)}, title={Sensorless maximum power point tracking control in wind energy generation using permanent magnet synchronous generator}, 
year={2008}, 
month={10-13}, 
volume={}, 
number={}, 
pages={2225-2230}, 
publisher={},
keywords={MPPT algorithm;PMSG;WECS;current control loop;direct driven permanent magnet synchronous generator;sensorless maximum power point tracking control;speed control mode;terminal voltage control;three phase front-end active-rectifier;unity power factor;variable speed wind energy conversion system;voltage control loop;wind energy generation;wind turbine;machine control;permanent magnet generators;power generation control;synchronous generators;velocity control;voltage control;wind power plants;wind turbines;}, 
doi={10.1109/IECON.2008.4758302}, 
ISSN={},}

@ARTICLE{Artigos-12-01, 
author={Anderson, P. M. and Bose, A.},
journal={IEEE Trans. Power App. Syst.}, title={Stability Simulation Of Wind Turbine Systems},
year={1983},
month={},
volume={102},
number={12},
pages={3791-3795},
keywords={},
doi={10.1109/TPAS.1983.317873},
ISSN={},}

@article{Artigos-12-02,
title = "Wind models for simulation of power fluctuations from wind farms",
journal = "J. of Wind Eng. and Ind. Aerodynamics",
volume = "90",
number = "12-15",
pages = "1381 - 1402",
year = "2002",
note = "",
doi = "DOI: 10.1016/S0167-6105(02)00260-X",
author = "Sørensen, P. and Hansen, A. D. and Rosas, P. A. C.",
keywords = "Wind models",
keywords = "Turbulence",
keywords = "Wind turbines",
keywords = "Power fluctuations",
keywords = "Tower shadow effect",
keywords = "3p",
keywords = "Coherence"
}

@ARTICLE{Artigos-12-03, 
author={Wasynczuk, O. and Man, D. T. and Sullivan, J. P.}, 
journal={IEEE Trans. Power App. Syst.}, title={Dynamic Behavior of a Class of Wind Turbine Generators During Randon Wind Fluctuations}, 
year={1981}, 
month={}, 
volume={100}, 
number={6}, 
pages={2837-2845}, 
keywords={}, 
doi={10.1109/TPAS.1981.316400}, 
ISSN={},}

@ARTICLE{Artigos-12-04, 
author={Slootweg, J. G. and Polinder, H. and Kling, W. L.}, 
journal={IEEE Trans. Energy Convers.}, title={Representing wind turbine electrical generating systems in fundamental frequency simulations}, 
year={2003}, 
month=, 
volume={18}, 
number={4}, 
pages={516-524}, 
keywords={ angle stability; direct drive synchronous generator; electrical generating systems; electrical power system dynamics; electromechanical transient simulations; fundamental frequency component; fundamental frequency simulations; generation equipment; grid interaction; impedance matrix; power system dynamics simulations; squirrel cage induction generator; voltage stability; wind power; wind turbine generating systems; wind turbines; asynchronous generators; power system simulation; synchronous generators; transient analysis; wind turbines;}, 
doi={10.1109/TEC.2003.816593}, 
ISSN={},}

@ARTICLE{Artigos-12-05, 
author={Morren, J. and Pierik, J. and Haan, S. W. H.}, 
journal={Electric Power Systems Research}, title={Inertial response of variable speed wind turbines}, 
year={2006}, 
month=, 
volume={76}, 
number={1}, 
pages={980-987}, 
keywords={ }, 
doi={}, 
ISSN={},}

@ARTICLE{Artigos-12-06, 
author={Muller, S. and Deicke, M. and De Doncker, R. W.}, 
journal={IEEE Ind. Appl. Mag.}, title={Doubly fed induction generator systems for wind turbines}, 
year={2002}, 
month=, 
volume={8}, 
number={3}, 
pages={26-33}, 
keywords={1.5 MW;adjustable speed generators;cost reduction;doubly fed induction generator system;dynamic model;dynamically active power control;dynamically reactive power control;off-shore applications;output power;vector controller;wind turbines;asynchronous generators;machine vector control;reactive power control;variable speed gear;wind turbines;}, 
doi={10.1109/2943.999610}, 
ISSN={},}

@article{Artigos-13-01,
 author = {Kothare, M. V. and Campo, P. J. and Morari, M. and Nett, C. N.},
 title = {A unified framework for the study of anti-windup designs},
 journal = {J. Automatica},
 volume = {30},
 issue = {12},
 month = {},
 year = {1994},
 issn = {},
 pages = {1869-1883},
} 

@ARTICLE{Artigos-13-08, 
author={Botteron, F. and de Camargo, R. F. and Hey, H. L. and Pinheiro, J. R. and Grundling, H. A. and Pinheiro, H.}, 
journal={IEE Proc. Electric Power Applicat.}, title={New limiting algorithms for space vector modulated three-phase four-leg voltage source inverters}, 
year={2003}, 
month={}, 
volume={150}, 
number={6}, 
pages={733-742}, 
keywords={ 15 kVA; MIMO servo controller; command vector; current controllers; dq0 co-ordinates; inductor currents; inscribed ellipsoid; inverter linear operating range; limiting algorithms; operating conditions; optimal discrete linear quadratic regulator; output voltages; polyhedron boundary planes; smooth transitions; space vector modulation; stability; three-phase four-leg voltage source inverters; voltage controllers; MIMO systems; PWM invertors; digital signal processing chips; electric current control; linear quadratic control; optimal control; servomechanisms; stability; voltage control;}, 
doi={10.1049/ip-epa:20030913}, 
ISSN={},}

@ARTICLE{Artigos-13-09, 
author={March, P. and Turner, M. C.}, 
journal={IEEE Trans. Ind. Appl.}, title={Anti-Windup Compensator Designs for Nonsalient Permanent-Magnet Synchronous Motor Speed Regulators}, 
year={2009}, 
month={}, 
volume={45}, 
number={5}, 
pages={1598-1609}, 
keywords={antiwindup compensator design;multirate discrete time control loop;nonlinear nonsalient machine model;nonsalient permanent-magnet synchronous motor;speed regulator;angular velocity control;compensation;discrete time systems;machine control;permanent magnet motors;synchronous motors;}, 
doi={10.1109/TIA.2009.2027157}, 
ISSN={},}

@INPROCEEDINGS{Artigos-14-06, 
address={Capri, Italy},
author={Aydin, M. and Huang, S. and Lipo, T. A.}, 
booktitle={Symp. Power Electron., Elect. Drives, Automation and Motion (SPEEDAM)}, title={Axial Flux Permanent Magnet Disc Machines: A Review}, 
year={2004}, 
month={}, 
volume={}, 
number={}, 
pages={}, 
publisher={},
ISSN={},}

@INPROCEEDINGS{Artigos-14-16, 
author={Krishnan, R.}, 
booktitle={Proc. of the Int. Conf. Ind. Electron., Control and Instrumentation (IECON)}, title={Control and operation of PM synchronous motor drives in the field-weakening region}, 
year={1993}, 
month={}, 
volume={2}, 
number={}, 
pages={745-750}, 
keywords={ PM synchronous motor drives; copper losses; current control; current rating; field-weakening region; inverter; maximum torque production; motor control; motor input voltage; rotor speed; steady state operation; transient capability; transient operation; control system analysis; electric current control; electric drives; machine control; machine theory; permanent magnet motors; synchronous motors; velocity control;}, 
doi={10.1109/IECON.1993.338988}, 
ISSN={},}

@ARTICLE{Artigos-17-02, 
author={Dubois, M. R. and Polinder, H. and Ferreira, J. A.}, 
journal={In Proc. Nordic Countries Power and Ind. Electron. (NORPIE)}, title={Comparison of generator topologies for direct-driven wind turbines}, 
year={2000}, 
month=, 
volume={}, 
number={}, 
pages={22-26}, 
keywords={1.5 MW;adjustable speed generators;cost reduction;doubly fed induction generator system;dynamic model;dynamically active power control;dynamically reactive power control;off-shore applications;output power;vector controller;wind turbines;asynchronous generators;machine vector control;reactive power control;variable speed gear;wind turbines;}, 
doi={10.1109/2943.999610}, 
ISSN={},}

@ARTICLE{Artigos-17-03, 
author={Yicheng Chen and Pillay, P. and Khan, A.}, 
journal={IEEE Trans. Ind. Appl.}, title={PM wind generator topologies}, 
year={2005}, 
month=, 
volume={41}, 
number={6}, 
pages={1619-1626}, 
keywords={ axial-flux machines; commercial generator test; finite-element analysis; permanent magnet wind generators; radial-flux machines; AC generators; design engineering; finite element analysis; machine testing; permanent magnet generators;}, 
doi={10.1109/TIA.2005.858261}, 
ISSN={},}

@ARTICLE{Artigos-18-01, 
author={Ben-Yaakov, S. and Zeltser, I.}, 
journal={IEEE Trans. Ind. Electron.}, title={PWM converters with resistive input}, 
year={1998}, 
month={}, 
volume={45}, 
number={3}, 
pages={519-520}, 
keywords={DC-DC converters;PWM converters;PWM programming rules;active power factor correctors;average modeling methodology;resistive input;DC-DC power convertors;PWM power convertors;power factor correction;}, 
doi={10.1109/41.679011}, 
ISSN={},}

@ARTICLE{Artigos-18-02, 
author={Ben-Yaakov, S. and Zeltser, I.}, 
journal={IEEE Trans. Ind. Electron.}, title={The dynamics of a PWM boost converter with resistive input}, 
year={1999}, 
month={}, 
volume={46}, 
number={3}, 
pages={613-619}, 
keywords={PWM boost converter;active power-factor correction;average inductor current sensing;boost-type active power-factor corrector;indirect control method;inner loop gain;large-signal response;low total harmonic distortion;outer loop response;resistive input;robust power factor correction;small-signal response;DC-DC power convertors;PWM power convertors;dynamic response;electric current control;harmonic distortion;power conversion harmonics;power factor correction;robust control;voltage control;}, 
doi={10.1109/41.767069}, 
ISSN={},}

@ARTICLE{Artigos-18-03, 
author={Rajagopalan, J. and Lee, F. C. and Nora, P.}, 
journal={IEEE Trans. Power Electron.}, title={A general technique for derivation of average current mode control laws for single-phase power-factor-correction circuits without input voltage sensing}, 
year={1999}, 
month={}, 
volume={14}, 
number={4}, 
pages={663-672}, 
keywords={SEPIC power stage;average current mode control laws;boost power stage;buck/boost power stage;continuous conduction mode;current loop;flyback power stage;high power factor;input current harmonic distortion measurements;large-signal averaged PWM switch model;linear PWM waveforms;power-factor-correction circuits;single-phase;single-phase topologies;small-signal models;steady-state input-output voltage relationships;three-loop-controlled average CMC converters;two-loop architecture;voltage loop;DC-DC power convertors;PWM power convertors;electric current control;electric current measurement;harmonic distortion;power conversion harmonics;power factor correction;voltage control;}, 
doi={10.1109/63.774203}, 
ISSN={},}

@INPROCEEDINGS{Artigos-18-04, 
address={Recife, PE, Brazil},
author={Borgonovo, D. and Remor, J. P. and Barbi, I. and Perin, A. J.}, 
booktitle={36th Annu. IEEE Power Electron. Specialists Conf. (PESC)}, title={A Self-Controlled Power Factor Correction Single-Phase Boost Pre-Regulator}, 
year={2005}, 
month={}, 
volume={}, 
number={}, 
pages={2351-2357}, 
keywords={input current control;proportional compensator;reference current;self-controlled power factor correction;single-phase boost PFC;single-phase boost preregulator;compensation;control system analysis;electric current control;power convertors;power factor correction;robust control;}, 
doi={10.1109/PESC.2005.1581961}, 
ISSN={},}

@INPROCEEDINGS{Artigos-18-05, 
address={Rhodes, Greece},
author={Borgonovo, D. and Mussa, S. A.}, 
booktitle={39th Annu. IEEE Power Electron. Specialists Conf. (PESC)}, title={Single-phase boost PFC voltage-doubler self-controlled using FPGA}, 
year={2008}, 
month={}, 
volume={}, 
number={}, 
pages={4457-4463}, 
keywords={ALTERAreg Cyclone II EP2C35F672C6;FPGA;natural feedback;output voltages control;power factor corrector;proportional compensator;single-phase boost PFC voltage-doubler;voltage balancing;voltage regulation;compensation;feedback;field programmable gate arrays;power convertors;power factor correction;rectifiers;robust control;voltage control;}, 
doi={10.1109/PESC.2008.4592665}, 
ISSN={},}

@ARTICLE{Artigos-18-06, 
author={Mather, B. A. and Maksimovic, D.}, 
journal={IEEE Trans. Power Electron.}, title={A Simple Digital Power-Factor Correction Rectifier Controller}, 
year={2011}, 
month={}, 
volume={26}, 
number={1}, 
pages={9-19}, 
keywords={DSP programming;continuous conduction mode;digital power-factor correction rectifier controller;digital pulsewidth modulator;explicit current-loop compensation;hardware description language;input voltage sensing;low-cost integrated-circuit realization;low-resolution A/D converters;microcontroller;power 300 W;power management functions;single-phase digital power-factor correction control approach;PWM rectifiers;analogue-digital conversion;digital control;power factor correction;}, 
doi={10.1109/TPEL.2010.2051458}, 
ISSN={},}

@ARTICLE{Artigos-18-08, 
author={Maksimovic, D. and Yungtaek Jang and Erickson, R. W.}, 
journal={IEEE Trans. Power Electron.}, title={Nonlinear-carrier control for high-power-factor boost rectifiers }, 
year={1996}, 
month={}, 
volume={11}, 
number={4}, 
pages={578-584}, 
keywords={240 W;average input current;continuous conduction mode;current-shaping loop;error amplifier;high-power-factor boost rectifiers;input line voltage;input voltage sensing;integrated-circuit;multiplier/divider circuitry;nonlinear-carrier controllers;rectifier;switch current sensing;switch duty ratio;voltage feedback loop;control system synthesis;controllers;electric current control;feedback;nonlinear control systems;power factor;rectifying circuits;switching circuits;voltage control;}, 
doi={10.1109/63.506123}, 
ISSN={},}

@INPROCEEDINGS{Artigos-18-11, 
address={Austin, TE},
author={Abramovitz, A. and Evzelman, M. and Ben-Yaakov, S.}, 
booktitle={23rd Annu. IEEE Applied Power Electron. Conf. and Expo. (APEC)}, title={Investigation of an alternative APFC control with no sensing of line voltage based on a triangular modulation carrier}, 
year={2008}, 
month={}, 
volume={}, 
number={}, 
pages={709-714}, 
keywords={APFC control;average current control;boost active power factor corrector;continuous conduction mode;line voltage;outer loop error signal;triangular carrier amplitude;triangular modulation carrier;electric current control;power factor correction;}, 
doi={10.1109/APEC.2008.4522799}, 
ISSN={},}

@INPROCEEDINGS{Artigos-18-12, 
address={Rome, Italy},
author={Abramovitz, A.}, 
booktitle={29th Int. Telecommunications Energy Conf. (INTELEC)}, title={Steady-state characteristics of the off-duty cycle controlled APFC with no input voltage sensing}, 
year={2007}, 
month={}, 
volume={}, 
number={}, 
pages={541-546}, 
keywords={active power factor corrector;off-duty cycle;steady-state characteristics;power factor correction;}, 
doi={10.1109/INTLEC.2007.4448836}, 
ISSN={},}

%%%%%%%%%% Modulação
@ARTICLE{Artigos-05-01, 
author={Hartmann, M. and Miniboeck, J. and Ertl, H. and Kolar, J. W.}, 
journal={IEEE Trans. Ind. Electron.}, title={A Three-Phase Delta Switch Rectifier for use in Modern Aircraft}, 
year={2011}, 
month={ }, 
volume={PP}, 
number={99}, 
pages={1}, 
keywords={}, 
doi={10.1109/TIE.2011.2158770}, 
ISSN={},}

@ARTICLE{Artigos-05-02, 
author={Batista, F. A. B. and Barbi, I.}, 
journal={IEEE Trans. Power Electron.}, title={Space Vector Modulation Applied to Three-Phase Three-Switch Two-Level Unidirectional PWM Rectifier}, 
year={2007}, 
month={}, 
volume={22}, 
number={6}, 
pages={2245-2252}, 
keywords={Y-connected pulsewidth modulation rectifier;converter switching stages;duty cycle functions;power 20 kW;space vector modulation;switch commutations;switch control signals;switching losses reduction;switching sequence;three phase three switch two level unidirectional PWM rectifier;vector control structure;AC-DC power convertors;PWM rectifiers;commutation;switching convertors;}, 
doi={10.1109/TPEL.2007.909184}, 
ISSN={},}

@ARTICLE{Artigos-05-03, 
author={Keliang Zhou and Danwei Wang}, 
journal={IEEE Trans. Ind. Electron.}, title={Relationship between space-vector modulation and three-phase carrier-based PWM: a comprehensive analysis [three-phase inverters]}, 
year={2002}, 
month={}, 
volume={49}, 
number={1}, 
pages={186-196}, 
keywords={closed-loop feedback converter;fundamental components;modulation signals;space vectors;space-vector modulation;switching pattern;three-phase PWM inverters;three-phase carrier-based PWM;zero-sequence component;DC-AC power convertors;PWM invertors;bridge circuits;switching circuits;}, 
doi={10.1109/41.982262}, 
ISSN={},}

@ARTICLE{Artigos-05-05, 
author={Rong-Jie Tu and Chern-Lin Chen}, 
journal={IEEE Trans. Ind. Electron.}, title={A new space-vector-modulated control for a unidirectional three-phase switch-mode rectifier}, 
year={1998}, 
month={}, 
volume={45}, 
number={2}, 
pages={256-262}, 
keywords={AC switches;bridge rectifier;hysteresis current control;input phase voltages;power lines;sinusoidal input currents;sinusoidal input line currents;space vector-modulated control;unidirectional three-phase switch-mode rectifier;AC-DC power convertors;bridge circuits;control system analysis;control system synthesis;electric current control;harmonic distortion;modulation;power system harmonics;rectifying circuits;switched mode power supplies;}, 
doi={10.1109/41.681224}, 
ISSN={},}

@INPROCEEDINGS{Artigos-05-06, 
address={Aachen, Germany},
author={Viitanen, T. and Tuusa, H.}, 
booktitle={35th Annu. IEEE Power Electron. Specialists Conf. (PESC)}, title={Experimental results of vector controlled and vector modulated VIENNA I rectifier}, 
year={2004}, 
month={}, 
volume={6}, 
number={}, 
pages={4637-4643},
publisher={}, 
keywords={ 10 kW; 5 kHz; 650 V; Motorola MPC555 microcontroller; digital control; switching frequency; three-level vector modulation method; total harmonic line current distortion; vector control system; vector controlled; vector modulated VIENNA I rectifier; digital control; harmonic distortion; microcontrollers; power engineering computing; power harmonic filters; rectifiers;}, 
doi={10.1109/PESC.2004.1354819}, 
ISSN={},}

@INPROCEEDINGS{Artigos-05-07,
address={Acapulco, Mexico}, 
author={Viitanen, T. and Tuusa, H.}, 
booktitle={34th Annu. IEEE Power Electron. Specialists Conf. (PESC)}, title={Space vector modulation and control of a unidirectional three-phase/level/switch VIENNA I rectifier with LCL-type AC filter}, 
year={2003}, 
month={}, 
volume={3}, 
number={}, 
pages={1063-1068}, 
publisher={},
keywords={ 3.5 kHz; 50 kW; 650 V; DC link voltage; DC output power; LCL AC filter; PFC; THD; VIENNA I rectifier; active component loss; conventional L filter; delays; key equation; matlab Simulink simulation; passive component loss; power factor correction; principle modulation algorithm operation; rectifier current distortion; rectifier system; semiconductor device; simplorer simulation; space vector modulation; switching frequency; switching transients; theoretical analysis; total harmonic distortion; unidirectional three-phase level switch rectifier; vector control system; harmonic distortion; modulation; passive filters; power conversion harmonics; power factor correction; power semiconductor devices; rectifying circuits; switching convertors;}, 
doi={}, 
ISSN={},}

@ARTICLE{Artigos-05-08, 
author={Barbi, I. and Batista, F. A. B.}, 
journal={IEEE Trans. Power Electron.}, title={Space Vector Modulation for Two-Level Unidirectional PWM Rectifiers}, 
year={2010}, 
month={}, 
volume={25}, 
number={1}, 
pages={178-187}, 
keywords={converter switching;duty cycle function;power 20 kW;pulsewidth modulation rectifier;space vector modulation;switching loss;two level unidirectional PWM rectifiers;PWM rectifiers;switching convertors;}, 
doi={10.1109/TPEL.2009.2025861}, 
ISSN={},}

@ARTICLE{Artigos-05-14, 
author={Dong-Choon Lee and G-Myoung Lee}, 
journal={IEEE Trans. Power Electron.}, title={A novel overmodulation technique for space-vector PWM inverters}, 
year={1998}, 
month={}, 
volume={13}, 
number={6}, 
pages={1144-1151}, 
keywords={Fourier series expansion;V/f control;harmonic components;induction motor;linear control range;modulation index;output voltage;overmodulation range;overmodulation technique;piecewise linearization;six-step mode;space-vector PWM inverters;total harmonic distortion;DC-AC power convertors;Fourier series;PWM invertors;control system analysis;harmonic analysis;harmonic distortion;linear systems;piecewise linear techniques;power conversion harmonics;voltage control;}, 
doi={10.1109/63.728341}, 
ISSN={},}

@ARTICLE{Artigos-05-15, 
author={Habetler, T. G.}, 
journal={IEEE Trans. Power Electron.}, title={A space vector-based rectifier regulator for AC/DC/AC converters }, 
year={1993}, 
month={}, 
volume={8}, 
number={1}, 
pages={30-36}, 
keywords={AC/DC/AC power convertors;controller;deadbeat control;feedforward;harmonic performance;line current;machine control;modulation;rectifier;space vectors;switching state;transient performance;variable speed drives;voltage regulators;zero state;machine control;power convertors;rectifiers;switching circuits;variable speed drives;velocity control;voltage control;voltage regulators;}, 
doi={10.1109/63.208497}, 
ISSN={},}

@ARTICLE{Artigos-05-16, 
author={Holtz, J. and Lotzkat, W. and Khambadkone, A. M.}, 
journal={IEEE Trans. Power Electron.}, title={On continuous control of PWM inverters in the overmodulation range including the six-step mode}, 
year={1993}, 
month={}, 
volume={8}, 
number={4}, 
pages={546-553}, 
keywords={AC motor drives;PWM inverters;continuous control;dynamic performance;field-oriented control;overmodulation;six-step mode;space vector strategy;switching frequency;voltage control;AC motors;electric drives;invertors;pulse width modulation;switching circuits;voltage control;}, 
doi={10.1109/63.261026}, 
ISSN={},}

@article{Artigos-05-18,
   author = {Bolognani, S. and Zigliotto, M.},
   title = {Novel digital continuous control of SVM inverters in the overmodulation range},
   journal = {IEEE Trans. Ind. Appl.},
   volume = {33},
   number = {2},
   pages = {525-530},
   abstract = {A novel technique for space-vector modulation (SVM) inverters in the overmodulation range is presented. A unique algorithm manages the transition from the onset of overmodulation to six-step operation. The technique is suitable for a very simple digital implementation. Experimental results, obtained by a digital signal processor (DSP) board, are also included in this paper},
   keywords = {digital control
digital signal processing chips
induction motor drives
invertors
modulation
DSP board
SVM inverters
digital continuous control
digital implementation
digital signal processor
overmodulation range
six-step operation
space-vector modulation},
   year = {1997}
}

@INPROCEEDINGS{Artigos-05-20, 
address={Porto, Portugal},
publisher={},
author={Bernardes, T. A. and Pinheiro, H. and Montagner, V. F.}, 
booktitle={IEEE 35th Ann. Conf. Ind. Electron., Control and Instrumentation (IECON)}, title={PMSG current control in the overmodulation region}, 
year={2009}, 
month={3-5}, 
volume={}, 
number={}, 
pages={1687-1692}, 
keywords={PMSG;anti-windup;closed loop system;current control system;linear matrix inequality;overmodulation region;permanent magnet synchronous generator;quadrature inductance;space vector modulation;zero steady state error;closed loop systems;electric current control;linear matrix inequalities;permanent magnet generators;synchronous generators;}, 
doi={10.1109/IECON.2009.5414825}, 
ISSN={},}

@INPROCEEDINGS{Artigos-08-02, 
address={Aachen, Germany},
author={Van de Sype, D. M. and De Gusseme, K. and Van den Bossche, A. P. and Melkebeek, J. A.}, 
booktitle={35th Annu. IEEE Power Electron. Specialists Conf. (PESC)}, title={Small-signal Laplace-domain analysis of uniformly-sampled pulse-width modulators}, 
year={2004}, 
month={}, 
volume={6}, 
number={}, 
pages={4292-4298}, 
publisher={},
keywords={ control loop bandwidth; digital control algorithm; digital signal processor; power switching converter; small-signal Laplace-domain analysis; uniformly-sampled pulse-width modulator; Laplace transforms; PWM power convertors; control engineering computing; digital control; digital signal processing chips; frequency-domain analysis; modulators; power engineering computing; switching convertors;}, 
doi={10.1109/PESC.2004.1354760}, 
ISSN={},}

@ARTICLE{Artigos-08-06, 
author={Rolim, L. G. B. and da Costa, D. R. and Aredes, M.}, 
journal={IEEE Trans. Ind. Electron.}, title={Analysis and Software Implementation of a Robust Synchronizing PLL Circuit Based on the pq Theory}, 
year={2006}, 
month= , 
volume={53}, 
number={6}, 
pages={1919-1926}, 
keywords={PLL circuit;PLL software implementation;active power line conditioner controller;fundamental frequency;phase angle;phase synchronization;phase-locked loop circuit;positive-sequence component;pq theory;subharmonic frequency oscillations;system voltage;oscillations;phase locked loops;power engineering computing;power system control;power system harmonics;synchronisation;}, 
doi={10.1109/TIE.2006.885483}, 
ISSN={ },}

@ARTICLE{Artigos-08-08, 
author={Chung, S.-X.}, 
journal={IEEE Trans. Power Electron.}, title={A phase tracking system for three phase utility interface inverters }, 
year={2000}, 
month={}, 
volume={15}, 
number={3}, 
pages={431-438}, 
keywords={DSP;PLL system;closed loop PLL system;continuous-time domain;digital signal processor;discrete-time domain;distorted utility conditions;dynamic behavior;harmonics;measurement errors;nonlinear load conditions;optimization method;phase tracking system;phase unbalancing;phase-locked loop system;three phase utility interface inverters;tracking errors;digital signal processing chips;invertors;measurement errors;phase locked loops;power conversion harmonics;time-domain analysis;}, 
doi={10.1109/63.844502}, 
ISSN={},}

@ARTICLE{Artigos-08-11, 
author={Kaura, V. and Blasko, V.}, 
journal={IEEE Trans. Ind. Appl.}, title={Operation of a phase locked loop system under distorted utility conditions}, 
year={1997}, 
month={}, 
volume={33}, 
number={1}, 
pages={58-63}, 
keywords={PLL model tuning;PLL system;distorted utility conditions;frequency variations;line notching;phase angle;phase locked loop system operation;software implementation;utility distortions;utility harmonics;utility interface;utility synchronisation;voltage loss;voltage unbalance;electrical faults;electricity supply industry;harmonic distortion;phase control;phase locked loops;power system control;power system harmonics;synchronisation;}, 
doi={10.1109/28.567077}, 
ISSN={},}

@ARTICLE{Artigos-08-13, 
author={Hsieh,G.-C. and Hung, J. C.}, 
journal={IEEE Trans. Ind. Electron.}, title={Phase-locked loop techniques. A survey}, 
year={1996}, 
month={}, 
volume={43}, 
number={6}, 
pages={609-615}, 
keywords={PLL chips;PLL devices;PLL principles;communication systems;integrated circuit technology;machine tools;motor servo control;performance;phase-locked loop techniques;reliability;survey;control systems;integrated circuits;machine control;phase locked loops;servomotors;}, 
doi={10.1109/41.544547}, 
ISSN={},}

@ARTICLE{Artigos-08-14, 
author={Liccardo, F. and Marino, P. and Raimondo, G.}, 
journal={IEEE Trans. Ind. Electron.}, title={Robust and Fast Three-Phase PLL Tracking System}, 
year={2011}, 
month={}, 
volume={58}, 
number={1}, 
pages={221-231}, 
keywords={feedback;feedforward;linear analysis;phase locked loop circuit;phase-angle estimation error;pq theory;synchronization method;three-phase AC system;three-phase PLL tracking system;feedback;feedforward;phase estimation;phase locked loops;power supply quality;synchronisation;}, 
doi={10.1109/TIE.2010.2044735}, 
ISSN={},}

@INPROCEEDINGS{Artigos-08-15, 
address={Nagoya, Japan},
author={Limongi, L. R. and Bojoi, R. and Pica, C. and Profumo, F. and Tenconi, A.}, 
booktitle={Proc. of the Power Conversion Conf. (PCC)}, title={Analysis and Comparison of Phase Locked Loop Techniques for Grid Utility Applications}, 
year={2007}, 
month={}, 
volume={}, 
number={}, 
pages={674-681}, 
keywords={active power filters;cycloconverters;distributed generation;flexible AC transmission systems;grid connected applications;grid utility applications;phase locked loop techniques;static VAR compensators;utility vector angle;voltage vector angle;distribution networks;phase locked loops;power grids;}, 
doi={10.1109/PCCON.2007.373038}, 
ISSN={},}

@ARTICLE{Artigos-08-16, 
author={Ciobotaru, M. and Agelidis, V. G. and Teodorescu, R. and Blaabjerg, F.}, 
journal={IEEE Trans. Power Electron.}, title={Accurate and Less-Disturbing Active Antiislanding Method Based on PLL for Grid-Connected Converters}, 
year={2010}, 
month={}, 
volume={25}, 
number={6}, 
pages={1576-1584}, 
keywords={distributed power generation systems;feedback signal;grid synchronization;grid-connected converters;inverter current reference;less-disturbing active antiislanding method;orthogonal signal generator;phase-locked loop;second-order generalized integrator;single-phase PLL;distributed power generation;power convertors;power grids;synchronisation;}, 
doi={10.1109/TPEL.2010.2040088}, 
ISSN={},}

@ARTICLE{Artigos-08-17, 
author={Baike Shen and Mwinyiwiwa, B. and Yongzheng Zhang and Boon-Teck Ooi}, 
journal={IEEE Tran. Power Electron.}, title={Sensorless Maximum Power Point Tracking of Wind by DFIG Using Rotor Position Phase Lock Loop (PLL)}, 
year={2009}, 
month={}, 
volume={24}, 
number={4}, 
pages={942-951}, 
keywords={DFIG;digital simulation;doubly-fed induction generator;electrical measurements;magnetization inductance;phase lock loop;rotor position PLL;sensorless maximum power point tracking;wind turbine generator;asynchronous generators;magnetisation;phase locked loops;rotors;turbogenerators;wind power plants;wind turbines;}, 
doi={10.1109/TPEL.2008.2009938}, 
ISSN={},}

@INPROCEEDINGS{Artigos-08-18, 
address={Austin, TE},
author={Ciobotaru, M. and Teodorescu, R. and Agelidis, V. G.}, 
booktitle={23rd Annu. IEEE Applied Power Electron. Conf. and Expo. (APEC)}, title={Offset rejection for PLL based synchronization in grid-connected converters}, 
year={2008}, 
month={}, 
volume={}, 
number={}, 
pages={1611-1617}, 
keywords={PLL based synchronization;amplitude detection;data conversion processes;filtering delays;frequency detection;grid voltage monitoring;grid-connected converters;offset rejection;offset rejection method;parameter estimation;phase angle detection;phase-locked-loop;second order generalized integrator;phase locked loops;power convertors;power grids;power system interconnection;power system parameter estimation;synchronisation;}, 
doi={10.1109/APEC.2008.4522940}, 
ISSN={},}

@INPROCEEDINGS{Artigos-08-19, 
address={San Jose, CA},
author={Angquist, L. and Bongiorno, M.}, 
booktitle={IEEE Energy Conversion Congr. Exposition (ECCE)}, title={Auto-normalizing Phase-Locked Loop for grid-connected converters}, 
year={2009}, 
month={}, 
volume={}, 
number={}, 
pages={2957-2964}, 
keywords={autonormalizing PLL;autonormalizing phase-locked loop;control signal amplitude;grid voltage;grid-connected converters;power electronic devices;synchronization algorithm;phase locked loops;power convertors;power grids;synchronisation;}, 
doi={10.1109/ECCE.2009.5316513}, 
ISSN={},}

%%%%%%%%%% Retificador e Controle
@INPROCEEDINGS{Artigos-05-10, 
address={Orlando, FL},
author={Rong-Jie Tu and Chern-Lin Chen}, 
booktitle={9th Annu. IEEE Applied Power Electron. Conf. and Expo. (APEC)}, title={A new three-phase space-vector-modulated power factor corrector}, 
year={1994}, 
month={}, 
volume={}, 
number={}, 
pages={725-730}, 
publisher={},
keywords={AC switches;bridge rectifier;control scheme;hysteresis current control;simulations;sinusoidal input currents;sinusoidal input line currents;space-vector-modulated;three-phase;three-wire boost-type power factor corrector;bridge circuits;electric current control;power convertors;power factor correction;rectifiers;rectifying circuits;switching circuits;}, 
doi={10.1109/APEC.1994.316326}, 
ISBN={},}

@INPROCEEDINGS{Artigos-03-06, 
address={Denver, CO},
author={Salmon, J. C.}, 
booktitle={IEEE Conf. Rec. of the Ind. Applicat. Soc. Ann. Meeting}, title={Reliable 3-phase PWM boost rectifiers employing a series-connected dual boost converter sub-topology}, 
year={1994}, 
month={}, 
volume={}, 
number={}, 
pages={781-788}, 
publisher={},
keywords={3-phase PWM boost rectifiers;active 3-phase switching networks;circuit simulations;current control;current distortion levels;diodes;input RMS line current;line currents shaping;low line-current distortion;output DC voltage;per-unit current ratings;rectified mains voltage level;series-connected dual boost converter sub-topology;unity fundamental power factor;PWM power convertors;active networks;circuit analysis computing;electric current control;rectifiers;rectifying circuits;switching circuits;}, 
doi={10.1109/IAS.1994.377507}, 
ISBN={},}

@INPROCEEDINGS{Artigos-03-11, 
address={Orlando, FL},
author={Hengchun Mao and Lee, F. C. and Boroyevich, D. and Hiti, S.}, 
booktitle={IEEE 21st Ann. Conf. Ind. Electron., Control and Instrumentation (IECON)}, title={High performance three-phase power factor correction circuits}, 
year={1995}, 
month={}, 
volume={1}, 
number={}, 
pages={8-14}, 
publisher={},
keywords={continuous current mode rectifiers;control;input filter design;soft switching schemes;switching rectifier topologies;three-phase buck rectifiers;three-phase power factor correction circuits;zero-current switched PWM technique;zero-voltage switched PWM technique;power factor correction;rectifying circuits;switching circuits;}, 
doi={10.1109/IECON.1995.483325}, 
ISBN={},}

@ARTICLE{Artigos-03-12, 
author={Hengchun Mao and Lee, C. Y. and Boroyevich, D. and Hiti, S.}, 
journal={IEEE Trans. Ind. Electron.}, title={Review of high-performance three-phase power-factor correction circuits}, 
year={1997}, 
month={}, 
volume={44}, 
number={4}, 
pages={437-446}, 
keywords={PWM;continuous conduction mode boost rectifiers;control;current control;design aspects;high-performance;input filter design;pulsewidth modulated techniques;soft-switching schemes;switching rectifier topologies;three phase buck rectifiers;three-phase power-factor correction circuits;topology;zero-current switching;zero-voltage switching;PWM power convertors;electric current control;filters;power factor correction;rectifying circuits;switching circuits;}, 
doi={10.1109/41.605616}, 
ISSN={},}

@ARTICLE{Artigos-03-13, 
author={Singh, B. and Singh, B. N. and Chandra, A. and Al-Haddad, K. and Pandey, A. and Kothari, D.P.}, 
journal={IEEE Trans. Ind. Electron.}, title={A review of three-phase improved power quality AC-DC converters}, 
year={2004}, 
month={}, 
volume={51}, 
number={3}, 
pages={641-660}, 
keywords={ DC output regulation; bidirectional power flow; input AC mains; power quality improvement; power-factor correction; switch-mode rectifiers; three-phase AC-DC converters; total harmonic distortion; unidirectional power flow; AC-DC power convertors; harmonic distortion; load flow; power conversion harmonics; power factor correction; power supply quality; rectifying circuits; reviews;}, 
doi={10.1109/TIE.2004.825341}, 
ISSN={},}

%%%%%%%%%% Modelagem do Retificador
@INPROCEEDINGS{Artigos-03-14, 
address={Denver, CO},
author={Hiti, S. and Boroyevich, D. and Cuadros, C.}, 
booktitle={IEEE Conf. Rec. of the Ind. Applicat. Soc. Annu. Meeting}, title={Small-signal modeling and control of three-phase PWM converters}, 
year={1994}, 
month={2-6}, 
volume={2}, 
number={}, 
pages={1143-1150}, 
publisher={},
keywords={10 kW;15.6 kHz;DSP control;control;current loops closing;rectifier control;single-input single-output system;small-signal modeling;switching;three-phase PWM converters;three-phase boost rectifier;transfer functions;wide-bandwidth output voltage control loop;PWM power convertors;closed loop systems;digital control;digital signal processing chips;electric current control;power engineering computing;rectifiers;rectifying circuits;switching circuits;transfer functions;voltage control;}, 
doi={10.1109/IAS.1994.377572}, 
ISSN={},}

@INPROCEEDINGS{Artigos-03-15, 
address={Orlando, FL},
author={Hiti, S. and Boroyevich, D.}, 
booktitle={9th Annu. IEEE Applied Power Electron. Conf. and Expo. (APEC)}, title={Control of front-end three-phase boost rectifier}, 
year={1994}, 
month={13-17}, 
volume={2}, 
number={}, 
pages={92-933}, 
publisher={},
keywords={10 kW;AC motors;DC-DC power converter;computer simulation;inverters;linear current controllers;load variations;nonlinear current controllers;output voltage regulation;rotating coordinates;sensitivity;small-signal output impedance;stability margins;three-phase PWM boost rectifier;transient response;unity input power factor;control system analysis computing;digital simulation;electric current control;linear systems;load (electric);nonlinear control systems;power convertors;power engineering computing;power factor correction;pulse width modulation;rectifiers;rectifying circuits;sensitivity analysis;transient response;voltage control;}, 
doi={10.1109/APEC.1994.316307}, 
ISSN={},}

@INPROCEEDINGS{Artigos-03-16,
address={Dallas, TX},
author={Salmon, J. C.},
booktitle={10th Annu. IEEE Applied Power Electron. Conf. and Expo. (APEC)}, title={Circuit topologies for PWM boost rectifiers operated from 1-phase and 3-phase AC supplies and using either single or split DC rail voltage outputs},
year={1995},
month={},
volume={1},
number={},
pages={473-479},
keywords={ 1-phase AC supply; 2-level PWM voltage waveforms; 3-level PWM voltage waveforms; 3-phase AC supply; AC inductors; DC inductors; PWM boost rectifiers; PWM waveforms; bi-directional power conversion; circuit topologies; conduction losses; efficiency; low total harmonic distortion; semiconductor voltage stresses; single DC rail voltage output; split DC rail voltage output; switch count; switches; unity fundamental power factor; PWM power convertors; harmonic distortion; inductors; network topology; power factor correction; power supplies to apparatus; power system harmonics; rectifying circuits; switching circuits;},
doi={10.1109/APEC.1995.468990},
ISSN={},}

@INPROCEEDINGS{Artigos-03-17, 
address={Halifax, NS, Canada},
author={Salmon, J. C.}, 
booktitle={Proc. of the Canadian Conf. Elect. and Comput. Eng.}, title={Comparative evaluation of circuit topologies for 1-phase and 3-phase boost rectifiers operated with a low current distortion}, 
year={1994}, 
month={25-28}, 
volume={1}, 
number={}, 
pages={30-33}, 
publisher={},
keywords={ 1-phase; 2-level PWM voltage waveform; 3-level PWM voltage waveform; 3-phase; 60 Hz; AC side inductors; DC side inductors; IGBT; MOSFET; bi-directional power conversion; boost rectifiers; circuit topologies; current-controlled PWM boost rectifiers; high efficiency; inverter legs; low conduction losses; low current distortion; low current distortion operation; low semiconductor voltage stresses; low switch count; nonisolated regulated DC-rail voltage; single DC-rail; split DC-rail; unity fundamental power factor; voltage control; DC-AC power convertors; PWM power convertors; electric current control; field effect transistor switches; inductors; insulated gate bipolar transistors; invertors; network topology; power MOSFET; power factor correction; power semiconductor switches; rectifying circuits; switching circuits; voltage control;}, 
doi={10.1109/CCECE.1994.405668}, 
ISSN={},}

%%%%%%%%%% MPPT
@INPROCEEDINGS{Artigos-11-04, 
address={Kunming, China},
author={Jia Yaoqin and Yang Zhongqing and Cao Binggang}, 
booktitle={Int. Conf. Power System Technology (PowerCon)}, title={A new maximum power point tracking control scheme for wind generation}, 
year={2002}, 
month={13-17}, 
volume={1}, 
number={}, 
pages={144-148},
publisher={}, 
keywords={ 350 V; DC bus line; MPPT; aerodynamical characteristic; dead time effect avoidance; direct current power; heavy inertia; high efficiency; low pass filter; maximum power point tracking control; maximum wind power; microcontrollers; output wind power; permanent magnetic generator; power electronics; rotating speed reference fluctuation; synchronization; three-phase inverter; variable speed generation; variable tracking step; wind generation; wind speed change; wind speed variation; angular velocity control; invertors; permanent magnet generators; power control; power generation control; synchronisation; wind turbines;}, 
doi={10.1109/ICPST.2002.1053521}, 
ISSN={ },}

@ARTICLE{Artigos-11-06,
author={Mirecki, A. and Roboam, X. and Richardeau, F.},
journal={IEEE Trans. Ind. Electron.}, title={Architecture Complexity and Energy Efficiency of Small Wind Turbines},
year={2007},
month={},
volume={54},
number={1},
pages={660-670},
keywords={AC-DC conversion;diode bridge;energy conversion;energy efficiency;fuzzy logic control;maximum power point tracking;optimal control;power characteristics;pulsewidth-modulation voltage-source rectifier;speed control;system architecture complexity;system output power control;torque control;vertical-axis turbines;wind turbines;AC-DC power convertors;PWM rectifiers;bridge circuits;energy conservation;fuzzy control;machine control;optimal control;power control;torque control;velocity control;wind turbines;},
doi={10.1109/TIE.2006.885456},
ISSN={},}

@INPROCEEDINGS{Artigos-11-07, 
address={Montreal, QC, Canada},
author={Shirazi, M. and Viki, A. H. and Babayi, O.}, 
booktitle={IEEE Elect. Power Energy Conf. (EPEC)}, title={A comparative study of maximum power extraction strategies in PMSG wind turbine system}, 
year={2009}, 
month={22-23}, 
volume={}, 
number={}, 
pages={1-6},
publisher={}, 
keywords={PMSG wind turbine system;max-power error driven;maximum power extraction strategies;maximum power point tracking;permanent magnet synchronous generator;variable speed wind energy system;wind energy conversion system;maximum power point trackers;permanent magnet generators;synchronous generators;wind turbines;}, 
doi={10.1109/EPEC.2009.5420931}, 
ISSN={},}

@INPROCEEDINGS{Artigos-11-08, 
address={Ajaccio, France},
author={Mirecki, A. and Roboam, X. and Richardeau, F.}, 
booktitle={IEEE Int. Symp. Ind. Electron. (ISIE)}, title={Comparative study of maximum power strategy in wind turbines}, 
year={2004}, 
month={4-7}, 
volume={2}, 
number={}, 
publisher={},
pages={993-998}, 
keywords={ AC-DC converter; PWM converter; Savonius vertical axis systems; diode bridge; energy conversion; fuzzy logic; maximum power point tracking; maximum power strategy; operational seeking algorithm; output current control; speed control; torque optimal control; wind turbines; AC-DC power convertors; PWM power convertors; angular velocity control; electric current control; energy conservation; optimal control; power generation control; torque control; wind turbines;}, 
doi={10.1109/ISIE.2004.1571949}, 
ISSN={},}

@INPROCEEDINGS{Artigos-11-09,
address={Lille, France},
author={Patsios, C. and Chaniotis, A. and Rotas, M. and Kladas, A. G.},
booktitle={8th Int. Symp. Advanced Electromechanical Motion Syst. Electric Drives Joint Symp. (ELECTROMOTION)}, title={A comparison of maximum-power-point tracking control techniques for low-power variable-speed wind generators},
year={2009},
month={},
volume={},
number={},
pages={1-6},
keywords={fuzzy logic;load variation;maximum-power-point tracking control;variable-speed wind generators;fuzzy logic;power generation control;variable speed gear;wind power plants;},
doi={10.1109/ELECTROMOTION.2009.5259095},
ISSN={},}

@ARTICLE{Artigos-11-11, 
author={Koutroulis, E. and Kalaitzakis, K.}, 
journal={IEEE Trans. Ind. Electron.}, title={Design of a maximum power tracking system for wind-energy-conversion applications}, 
year={2006}, 
month={}, 
volume={53}, 
number={2}, 
pages={486-494}, 
keywords={MPPT; battery bank; buck-type DC-DC converter; cost reduction; maximum power tracking system; mechanical stress; microcontroller-based control unit; reliability; wind speed measurement; wind-energy-conversion; wind-generator; DC-DC power convertors; angular velocity measurement; cost reduction; microcontrollers; power generation reliability; wind power plants;}, 
doi={10.1109/TIE.2006.870658}, 
ISSN={},}

@ARTICLE{Artigos-11-14, 
author={Barakati, S.M. and Kazerani, M. and Aplevich, J.D.}, 
journal={IEEE Trans. Energy Convers.}, title={Maximum Power Tracking Control for a Wind Turbine System Including a Matrix Converter}, 
year={2009}, 
month={}, 
volume={24}, 
number={3}, 
pages={705-713}, 
keywords={matrix converter;maximum power tracking control;maximum wind power extraction;squirrel-cage induction generator;wind energy conversion system;wind turbine system;asynchronous generators;matrix convertors;power conversion;wind turbines;}, 
doi={10.1109/TEC.2008.2005316}, 
ISSN={},}

@INPROCEEDINGS{Artigos-11-16,
address={Palm Springs, CA}, 
author={Pahlevaninezhad, M. and Eren, S. and Bakhshai, A. and Jain, P.}, 
booktitle={IEEE 25th Ann. Applied Power Electronics Conference and Exposition (APEC), 2010 Twenty-Fifth Annual IEEE}, title={Maximum power point tracking of a Wind Energy Conversion System using adaptive nonlinear approach}, 
year={2010}, 
month={21-25}, 
volume={}, 
number={}, 
pages={149-154},
publisher={EUA}, 
keywords={PMSG;WECS;adaptive nonlinear approach;matrix converter;maximum power point tracking;mechanical power;nonlinear adaptive backstepping;performance analysis;permanent magnet synchronous generator;wind energy conversion system;wind turbine;wind velocity;adaptive control;angular velocity control;matrix convertors;maximum power point trackers;nonlinear control systems;permanent magnet generators;synchronous generators;voltage control;wind power plants;wind turbines;}, 
doi={10.1109/APEC.2010.5433677}, 
ISSN={},}

@INPROCEEDINGS{Artigos-11-18, 
address={Wuhan },
author={Peng Guo}, 
booktitle={Knowledge Acquisition and Modeling, 2009. KAM '09. Second International Symposium on}, title={Research of a New MPPT Strategy Based on Gray Wind Speed Prediction}, 
year={2009}, 
month={nov.}, 
volume={3}, 
number={}, 
pages={120-123},
publisher={China}, 
keywords={MPPT searching process;WTG rotor speed;gray wind speed prediction;maximum power point tracking;power control method;rotor speed control method;rotor speed disturbance;variable-speed wind turbine generator;angular velocity control;machine control;rotors;turbogenerators;wind power;wind turbines;}, 
doi={10.1109/KAM.2009.208}, 
ISSN={},}

@ARTICLE{Artigos-11-19,
author={Kazmi, S. M. R. and Goto, H. and Guo, H. and Ichinokura, O.},
journal={IEEE Trans. Ind. Electron.}, title={A Novel Algorithm for Fast and Efficient Speed-Sensorless Maximum Power Point Tracking in Wind Energy Conversion Systems},
year={2011},
month={},
volume={58},
number={1},
pages={29-36},
keywords={MPPT algorithm;control efficiency tradeoff problem;efficiency 100 percent;generator-converter subsystems;hill climb searching algorithm;mechanical sensors;peak detection capability;smart speed-sensorless scheme;speed-sensorless maximum power point tracking;variable step size;wind energy conversion systems;maximum power point trackers;search problems;wind power plants;},
doi={10.1109/TIE.2010.2044732},
ISSN={},}

@ARTICLE{Artigos-11-22, 
author={Agarwal, V. and Aggarwal, R. K. and Patidar, P. and Patki, C.}, 
journal={Energy Conversion, IEEE Transactions on}, title={A Novel Scheme for Rapid Tracking of Maximum Power Point in Wind Energy Generation Systems}, 
year={2010}, 
month={march }, 
volume={25}, 
number={1}, 
pages={228-236}, 
keywords={Venturini;grid-connected;maximum power point tracking;rapid tracking;space-vector-modulation;wind energy generation systems;matrix convertors;power grids;wind power;}, 
doi={10.1109/TEC.2009.2032613}, 
ISSN={},}


%%%%%%%%%% Livros
@BOOK{Livros-01, 
address={Upper Saddle River, NJ},
author={Bose, B. K.}, 
title={Modern Power Electronics and AC Drives}, 
year={2002}, 
month={}, 
volume={}, 
number={}, 
pages={711}, 
publisher={Prentice Hall PTR},
keywords={}, 
doi={}, 
ISBN={},}

@BOOK{Livros-02, 
address={Oxford, UK},
author={Lipo, T. A. and Novotny, D. W.}, 
title={Vector Control and Dynamics of AC Drives}, 
year={1996}, 
month={}, 
volume={}, 
number={}, 
pages={440}, 
publisher={Oxford University Press},
keywords={}, 
doi={}, 
ISBN={},}

@BOOK{Livros-03, 
address={Piscataway, NJ},
author={Krause, P. and Wasynczuk, O. and Sudhoff, S.}, 
title={Analysis of Electric Machinery and Drive Systems}, 
year={2002}, 
month={}, 
volume={2nd Ed.}, 
number={}, 
pages={632}, 
publisher={John Wiley \& Sons, Inc.},
keywords={}, 
doi={}, 
ISBN={},}

@BOOK{Livros-05, 
address={Dordrecht, Netherlands},
author={Gieras, J. F. and Wang, R. J. and Kamper, M. J.}, 
title={Axial Flux Permanent Magnet Brushless Machines}, 
year={2004}, 
month={}, 
volume={}, 
number={}, 
pages={344}, 
publisher={Kluwer Academic Publishers},
keywords={}, 
doi={}, 
ISBN={},}

@BOOK{Livros-07, 
address={Hoboken, NJ},
author={Wu, B.}, 
title={High-Power Converters and AC Drives}, 
year={2006}, 
pages={450}, 
publisher={John Wiley \& Sons, Inc.}, 
ISBN={},}

@BOOK{Livros-09,
address={USA}, 
author={Buso, S. and Mattavelli, P.}, 
title={Digital Control in Power Electronics}, 
year={2006}, 
month={}, 
volume={}, 
number={}, 
pages={151}, 
publisher={Morgan \& Claypool},
keywords={}, 
doi={}, 
ISBN={},}

@BOOK{Livros-13,
address={UK}, 
author={Manwell, J. F. and McGowan, J. G. and Rogers, A. L.}, 
title={Wind Energy Explained: Theory, Design and Application}, 
year={2002}, 
month={}, 
volume={}, 
number={}, 
pages={577}, 
publisher={John Wiley \& Sons, Inc.},
keywords={}, 
doi={}, 
ISBN={},}

@BOOK{Livros-14,
address={UK}, 
author={Burton, T. and Sharpe, D. and Jenkins, N. and Bossanyi, E.}, 
title={Wind Energy: Handbook}, 
year={2001}, 
month={}, 
volume={}, 
number={}, 
pages={617}, 
publisher={John Wiley \& Sons, Inc.},
keywords={}, 
doi={}, 
ISBN={},}

@BOOK{Livros-15,
address={Germany}, 
author={Bianchi, F. D. and Batista, H. D. and Mantz, R. J.}, 
title={Wind Turbine Control Systems: Principles, Modelling and Gain Scheduling Design}, 
year={2007}, 
month={}, 
volume={}, 
number={}, 
pages={577}, 
publisher={Springer},
keywords={}, 
doi={}, 
ISBN={},}

@BOOK{Livros-16,
address={USA}, 
author={Johnson, G. L.}, 
title={Wind Energy Systems}, 
year={2001}, 
month={}, 
volume={}, 
number={}, 
pages={577}, 
publisher={Electronic Ed.},
keywords={}, 
doi={}, 
ISBN={},}

@BOOK{Livros-17,
address={USA}, 
author={Patel, M. R.}, 
title={Wind and Solar Power Systems}, 
year={1999}, 
month={}, 
volume={}, 
number={}, 
pages={577}, 
publisher={CRC Press},
keywords={}, 
doi={}, 
ISBN={},}

@BOOK{Livros-20, 
address={USA},
author={Boldea, I.}, 
title={Variable Speed Generators}, 
volume={}, 
year={2006}, 
pages={512}, 
publisher={CRC Press},
ISBN={},}

@BOOK{Livros-Custodio,
address={Rio de Janeiro}, 
author={Cust\'odio, R. S.}, 
title={Energia E\'olica para Produ{\c c}\~ao de Energia El\'etrica}, 
year={2009}, 
month={}, 
volume={}, 
number={}, 
pages={577}, 
publisher={Eletrobr\'as},
keywords={}, 
doi={}, 
ISBN={},}

@BOOK{Livros-LIPO, 
address={Piscataway, NJ},
author={Holmes, D. G. and Lipo, T. A.}, 
title={Pulse Width Modulation for Power Converters (Principles and Practice)}, 
year={2003}, 
pages={744}, 
publisher={John Wiley \& Sons, Inc.},
ISBN={},}

@BOOK{Livros-Franklin, 
address={Piscataway, NJ},
author={Franklin, G. F. and Powell, J. D. and Workman, M.}, 
title={Digital Control of Dynamic Systems}, 
volume={3rd Ed.},
year={1998}, 
pages={850}, 
publisher={Ellis-Kagle Press},
ISBN={},}

@BOOK{Livros-Franklin-3d, 
address={Stanford, CA},
author={Franklin, G. F. and Powell, J. D. and Emani-Naeini, A.}, 
title={Feedback Control of Dynamic Systems}, 
volume={3rd Ed.},
year={1994}, 
pages={778}, 
publisher={Addison-Wesley},
ISBN={},}

@BOOK{Livros-Best, 
address={USA},
author={Best, R. E.}, 
title={Phase-Locked Loops: Design, Simulation and Applications}, 
volume={5th Ed.},
year={2003}, 
pages={419}, 
publisher={McGraw-Hill},
ISBN={},}

@BOOK{Nocedal-1999, 
address={New York, NY},
author={Nocedal, J. and Wright, S. J.}, 
title={Numerical Optimization}, 
year={1999}, 
month={}, 
volume={}, 
number={}, 
pages={651}, 
publisher={Springer},
keywords={}, 
doi={}, 
ISBN={},}

@BOOK{Livros-pq, 
address={Piscataway, NJ},
author={Akagi, H. and Watanabe, E. and Aredes, M.}, 
title={Instantaneous Power Theory and Applications to Power Conditioning}, 
year={2007}, 
month={}, 
volume={}, 
number={}, 
pages={400}, 
publisher={Wiley-Interscience	},
keywords={}, 
doi={}, 
ISSN={},}

@BOOK{Livros-Chen, 
address={New York, NY},
author={Chen, C. T.}, 
title={Linear System: Theory and Design}, 
year={1999}, 
month={}, 
volume={}, 
number={}, 
pages={352}, 
publisher={Oxford University Press},
keywords={}, 
doi={}, 
ISSN={},}

@BOOK{Livros-Julio, 
address={},
author={Normey-Rico, J. E. and Camacho, E. F.}, 
title={Control of Dead-time Process}, 
year={2007}, 
month={}, 
volume={}, 
number={}, 
pages={474}, 
publisher={Springer},
keywords={}, 
doi={}, 
ISSN={},}

@BOOK{Livros-Erickson, 
address={New York, NY},
author={Erickson, R. W. and Maksimovic, D.}, 
title={Fundamentals of Power Electronics}, 
volume={2nd Ed.}, 
year={2001}, 
pages={883}, 
publisher={Kluwer Academic/Plenum Publishers},
ISBN={},}

@book{Livros-IVO, 
address={Florian\'opolis, Brazil},
author={Barbi, I.}, 
title={Teoria Fundamental do Motor de Indu{\c c}\~ao}, 
year={1985}, 
pages={234}, 
publisher={Editora da UFSC/ELETROBR\'AS},
ISBN={},}

@book{Livros-Heier, 
address={New York, NY},
author={Heier, S.}, 
title={Grid Integration of Wind Energy Conversion Systems}, 
year={1998}, 
pages={}, 
publisher={John Wiley \& Sons, Inc.},
ISBN={},}

%%%%%%%%%% Teses e dissertações
@phdthesis{Teses-01-02, 
address={Tampere},
author={Eskola, M.}, 
pages={181},
publisher={Publication 639},
school={Tampere University of Technology},
title={Speed and Position Sensorless Control of Permanent Magnet Synchronous Motors in Matrix Converter and Voltage	Source Converter Applications}, 
type={Doctor of Technology},
year={2006},}

@masterthesis{Teses-01-10, 
address={Santa Maria, RS, Brazil},
author={Bernardes, T.A.}, 
pages={192},
publisher={Universidade Federal de Santa Maria},
school={Universidade Federal de Santa Maria},
title={An\'alise e Controle de Gerador S\'incrono a \'Im\~a Permanente Aplicado a Sistema de Convers\~ao de Energia E\'olica}, 
type={Mestrado em Engenharia El\'etrica},
year={2009},}

@phdthesis{Teses-03-02, 
address={Warsaw, Poland},
author={Malinowski, M.}	, 
pages={128},
publisher={Warsaw University of Technology},
school={Warsaw University of Technology},
title={Sensorless Control Strategies for Three-Phase PWM Rectifiers}, 
type={Doctor of Philosophy},
year={2001},}

@phdthesis{Teses-03-03, 
address={Zurich, Switzerland},
author={Serpa, L. A.}	, 
pages={319},
publisher={Diss. ETH No.17463},
school={Swiss Federal Institue of Technology},
title={Current Control Stragegies for Multilevel Inverters}, 
type={Doctor of Sciences},
year={2007},}

@phdthesis{Teses-01-14, 
address={Akron},
author={Underwood, S. J.}, 
pages={204},
publisher={The Graduate Faculty of the University of Akron},
school={The Graduate Faculty of the University of Akron},
title={On-line Parameter Estimation and Adaptive Control of Permanent Magnet Synchronous Machines}, 
type={Doctor of Philosophy},
year={2006},}

@phdthesis{Teses-03-04, 
address={Bari},
author={Liserre, M.}, 
pages={303},
publisher={},
school={Politecnico di Bari},
title={Innovative Control Techniques of Power Converters for Industrial Automation}, 
type={Doctor of Philosophy},
year={2001},}


@masterthesis{Teses-03-05, 
address={Florian\'opolis, SC},
author={Borgonovo, D.}, 
pages={175},
publisher={Instituto de Eletr\^onica de Pot\^encia, Universidade Federal de Santa Catarina},
school={Instituto de Eletr\^onica de Pot\^encia, Universidade Federal de Santa Catarina},
title={Modelagem e Controle de Retificadores PWM Trif\'asicos Empregando a Transforma{\c c}\~ao de Park}, 
type={Mestrado em Engenharia El\'etrica},
year={2001},}

@phdthesis{Teses-03-06, 
address={Florian\'opolis, SC},
author={Borgonovo, D.}, 
pages={274},
publisher={Instituto de Eletr\^onica de Pot\^encia, Universidade Federal de Santa Catarina},
school={Instituto de Eletr\^onica de Pot\^encia, Universidade Federal de Santa Catarina},
title={Análise, Modelagem e Controle de Retificadores PWM Trif\'asicos}, 
type={Doutorado em Engenharia El\'etrica},
year={2005},}

@phdthesis{Teses-03-14, 
address={Troy, NY},
author={Miller, S. K. T.}, 
pages={266},
publisher={Faculty of Rensselaer Polytechnic Inst.},
school={Faculty of Rensselaer Polytechnic Institute},
title={Analysis of Three-Phase Rectifiers with AC-Side Switches and Interleaved Three-Phase Voltage-Source Converters}, 
type={Ph.D. dissertation},
year={2008},}

@masterthesis{Teses-04-01, 
address={Florian\'opolis, SC},
author={Tibola, G.}, 
pages={285},
publisher={Instituto de Eletr\^onica de Pot\^encia, Universidade Federal de Santa Catarina},
school={Instituto de Eletr\^onica de Pot\^encia, Universidade Federal de Santa Catarina},
title={Sistema E\'olico de Pequeno Porte para Gera{\c c}\~ao de Energia El\'etrica com Rastreamento de M\'axima Pot\^encia}, 
type={Mestrado em Engenharia El\'etrica},
year={2009},}

@phdthesis{Teses-04-02, 
address={Florian\'opolis, SC},
author={Nunes, M. V. A.}, 
pages={224},
publisher={},
school={Grupo de Sistemas de Pot\^encia, Universidade Federal de Santa Catarina},
title={Avalia{\c c}\~ao do Comportamento de Aerogeradores de Velocidade Fixa e Vari\'avel Integrados em Redes El\'etricas Fracas}, 
type={Doutorado em Engenharia El\'etrica},
year={2003},}

@phdthesis{Teses-04-04, 
address={S\~ao Paulo, SP},
author={Salles, M. B. C.}, 
pages={139},
publisher={},
school={Universidade de S\~ao Paulo},
title={Modelagem e An\'alise de Geradores E\'olicos de Velocidade Vari\'avel Conectados em Sistemas de Energia El\'etrica}, 
type={Doutorado em Engenharia El\'etrica},
year={2009},}

@phdthesis{Teses-05-01, 
address={Florian\'opolis, SC, Brazil},
author={Batista, F.A.B.}, 
pages={297},
publisher={},
school={Instituto de Eletr\^onica de Pot\^encia, Universidade Federal de Santa Catarina},
title={Modula{\c c}\~ao Vetorial Aplicada a Retificadores PWM Trif\'asicos Unidirecionais}, 
type={Doutorado em Engenharia El\'etrica},
year={2006},}

@masterthesis{Teses-08-01, 
address={Florian\'opolis, SC},
author={Ortmann, M. S.}, 
pages={241},
publisher={Instituto de Eletr\^onica de Pot\^encia, Universidade Federal de Santa Catarina},
school={Instituto de Eletr\^onica de Pot\^encia, Universidade Federal de Santa Catarina},
title={Filtro Ativo Trif\'asico com Controle Vetorial utilizando DSP: Projeto e Implementa{\c c}\~ao}, 
type={Mestrado em Engenharia El\'etrica},
year={2008},}

@phdthesis{Teses-01-12, 
address={},
author={Monajemy, R.}, 
pages={165},
publisher={},
school={Faculty of the Virginia Polytechnic Institute and State University},
title={Control Strategies and Parameter Compensation for Permanent Magnet Synchronous Motor Drives}, 
type={Doctor of Philosophy},
year={2000},}

@phdthesis{Teses-09-02, 
address={},
author={Dubois, M. R. J.}, 
pages={266},
publisher={},
school={Technische Universiteit Delft},
title={Optimized Permanent Magnet Generator Topologies for Direct-Drive Wind Turbines}, 
type={Doctor of Philosophy},
year={2004},}

@phdthesis{Teses-09-03, 
address={},
author={Grauers, A.}, 
pages={133},
publisher={},
school={Chalmers University of Technology},
title={Design of Direct-driven Permanent-magnet Generators for Wind Turbines}, 
type={Doctor of Philosophy},
year={1996},}

@phdthesis{Teses-Batschauer, 
address={Florian\'opolis, SC, Brazil},
author={Batschauer, A. L.}, 
pages={266},
publisher={},
school={Instituto de Eletr\^onica de Pot\^encia, Universidade Federal de Santa Catarina},
title={Inversor Multiníveis Híbrido Trifásico baseado em Módulos Meia-ponte}, 
type={Tese de Doutorado em Engenharia El\'etrica},
year={2011},}

@masterthesis{Teses-Jack, 
address={Florian\'opolis, SC},
author={Lago, J. }, 
pages={188},
publisher={Instituto de Eletr\^onica de Pot\^encia, Universidade Federal de Santa Catarina},
school={Instituto de Eletr\^onica de Pot\^encia, Universidade Federal de Santa Catarina},
title={Redistribuidor de Correntes para Redes de Distribuição em Corrente Contínua Bipolares}, 
type={Mestrado em Engenharia El\'etrica},
year={2011},}

@masterthesis{Teses-Voltoni, 
address={Florian\'opolis, SC},
author={Voltoni, H.}, 
pages={80},
publisher={Grupo de Concep{\c c}\~ao de Dispositivos Eletromagn\'eticos, Universidade Federal de Santa Catarina},
school={Grupo de Concep{\c c}\~ao de Dispositivos Eletromagn\'eticos, Universidade Federal de Santa Catarina},
title={Controle Vetorial em M\'aquinas S\'incronas a \'Im\~as Permanentes com Enfraquecimento de Campo}, 
type={Mestrado em Engenharia El\'etrica},
year={1995},}

% PATENTES
@ARTICLE{Patente-Blyth, 
author={Price, T. J.}, 
journal={Wind Eng.}, title={James Blyth,  Britain's first modern wind power pioneer}, 
year={2005}, 
month={}, 
volume={29}, 
number={3}, 
pages={191-200}, 
publisher={Multi Science Publishing},
keywords={}, 
doi={10.1260/030952405774354921}, 
ISSN={},}

@ARTICLE{Patente-Autocontrole, 
author={ORTMANN, M. S. and COLLIER, D. A. F. and HELDWEIN, M. L.}, 
journal={Pedido de Dep\'osisto de Patente ou Modelo de Utilidade }, title={Auto-Controle de Corrente para Geradores El\'etricos Trifá\'asicos Conectados a Retificadores Auto-comutados}, 
year={2011}, 
month={}, 
volume={}, 
number={}, 
pages={}, 
publisher={DTI/PRPE/UFSC},
keywords={}, 
doi={10.1260/030952405774354921}, 
ISSN={},}

@ARTICLE{Vestas-850,
author={Vestas},
institution={Vestas},
title={V52-850 kW. The turbine that goes anywhere.},
year={2010}}

@ARTICLE{Vestas-1650,
author={Vestas},
institution={Vestas},
title={V82-1.65 MW. Creating more from less.},
year={2010}}

@ARTICLE{Enercon-Overview,
author={Enercon},
institution={Enercon},
title={Enercon Wind Energy Converters - Product Overview},
year={2010}}

@ARTICLE{Artigos-GWEC-01,
author={GWEC},
institution={Global Wind Energy Council},
title={Global Wind Report - Annual market update 2010},
year={2010}}

@ARTICLE{Artigos-GWEC-02,
author={GWEC},
institution={Global Wind Energy Council},
title={Global Wind Energy Outlook 2010},
year={2010}}

@ARTICLE{Artigos-GWEC-03,
author={GWEC},
institution={Global Wind Energy Council},
title={Analysis of the Regulatory Framework for Wind Power Generation in Brazil - Summary Report},
year={2010}}


@ARTICLE{Artigos-ONS-LVRF,
author={ONS},
institution={Operador Nacional do Sistema El\'etrico (ONS)},
title={Submódulo 3.6 - Requisitos técnicos mínimos para a conexão à rede básica},
year={2009}}

@ARTICLE{IEC-61000,
author={Abidin, M. N. Z.},
institution={Schaffner EMC},
title={IEC 61000-3-2 Harmonics Standards Overview},
year={2006}}

@ARTICLE{Artigos-02-06, 
author={Mullane, A. and Lightbody, G. and Yacamini, R.}, 
journal={IEEE Trans. Power Syst.}, title={Wind-turbine fault ride-through enhancement}, 
year={2005}, 
month={}, 
volume={20}, 
number={4}, 
pages={1929-1937}, 
keywords={ current control; digital signal processor; electricity network; fault ride-through enhancement; nominal voltage level; nonlinear controller design; power converter failure; power system; transmission-distribution grid code; variable-speed drive; wind power generation; wind-turbine generator; digital signal processing chips; distribution networks; electric current control; failure analysis; nonlinear control systems; power convertors; power generation control; power system faults; transmission networks; turbogenerators; variable speed drives; wind power plants; wind turbines;}, 
doi={10.1109/TPWRS.2005.857390}, 
ISSN={},}

@ARTICLE{Artigos-Falhas-01, 
author={Hahn, B. and Durstewitz, M. and Rohrig, K.}, 
journal={Institute of Solar Energy Distribution Technology (ISET)}, title={Reliability of Wind Turbines - Experience of 15 years with 1500 Wind Turbines}, 
year={2006}, 
month={}, 
volume={}, 
number={}, 
pages={}, 
keywords={ current control; digital signal processor; electricity network; fault ride-through enhancement; nominal voltage level; nonlinear controller design; power converter failure; power system; transmission-distribution grid code; variable-speed drive; wind power generation; wind-turbine generator; digital signal processing chips; distribution networks; electric current control; failure analysis; nonlinear control systems; power convertors; power generation control; power system faults; transmission networks; turbogenerators; variable speed drives; wind power plants; wind turbines;}, 
doi={10.1109/TPWRS.2005.857390}, 
ISSN={},}

@ARTICLE{Artigos-Falhas-02, 
author={RIBRANT, J. and BERTLING, L. M.}, 
journal={IEEE Trans. Energy Convers.}, title={Survey of Failures in Wind Power Systems With Focus on Swedish Wind Power Plants During 1997-2005}, 
year={2007}, 
month={}, 
volume={22}, 
number={1}, 
pages={167-173}, 
keywords={Sweden wind power plants;failure statistics;gearbox;offshore wind turbines;power market;reliability performance;wind power industry;wind power system failures;fault diagnosis;offshore installations;power generation faults;power generation reliability;power markets;statistical analysis;wind turbines;}, 
doi={10.1109/TEC.2006.889614}, 
ISSN={},}

